PokerStars Hand #238823780242:  Hold'em No Limit ($0.02/$0.05 USD) - 2022/09/23 17:37:44 PT [2022/09/23 20:37:44 ET]
Table 'Veritas III' 9-max Seat #3 is the button
Seat 1: morayjak ($2.07 in chips) 
Seat 2: Dorex2007 ($5 in chips) 
Seat 3: Bossplayer32 ($7.84 in chips) 
Seat 4: montreal555 ($4.20 in chips) 
Seat 5: TTomi18 ($7.83 in chips) 
Seat 8: MarKo Rankovic ($4.07 in chips) 
Seat 9: Simãoobão ($4.39 in chips) 
montreal555: posts small blind $0.02
TTomi18: posts big blind $0.05
sullya: sits out 
Dorex2007: posts big blind $0.05
*** HOLE CARDS ***
Dealt to Dorex2007 [Th Jc]
MarKo Rankovic: raises $0.10 to $0.15
Simãoobão: folds 
morayjak: folds 
Dorex2007: calls $0.10
Bossplayer32: folds 
montreal555: folds 
TTomi18: folds 
*** FLOP *** [7c 3h 9d]
MarKo Rankovic: checks 
Dorex2007: checks 
*** TURN *** [7c 3h 9d] [Td]
MarKo Rankovic: bets $0.17
Dorex2007: raises $0.17 to $0.34
MarKo Rankovic: folds 
Uncalled bet ($0.17) returned to Dorex2007
Dorex2007 collected $0.68 from pot
Dorex2007: doesn't show hand 
*** SUMMARY ***
Total pot $0.71 | Rake $0.03 
Board [7c 3h 9d Td]
Seat 1: morayjak folded before Flop (didn't bet)
Seat 2: Dorex2007 collected ($0.68)
Seat 3: Bossplayer32 (button) folded before Flop (didn't bet)
Seat 4: montreal555 (small blind) folded before Flop
Seat 5: TTomi18 (big blind) folded before Flop
Seat 8: MarKo Rankovic folded on the Turn
Seat 9: Simãoobão folded before Flop (didn't bet)



PokerStars Hand #238823787499:  Hold'em No Limit ($0.02/$0.05 USD) - 2022/09/23 17:38:15 PT [2022/09/23 20:38:15 ET]
Table 'Veritas III' 9-max Seat #4 is the button
Seat 1: morayjak ($2.07 in chips) 
Seat 2: Dorex2007 ($5.36 in chips) 
Seat 3: Bossplayer32 ($7.84 in chips) 
Seat 4: montreal555 ($4.18 in chips) 
Seat 5: TTomi18 ($7.78 in chips) 
Seat 6: sullya ($5 in chips) 
Seat 8: MarKo Rankovic ($3.75 in chips) 
Seat 9: Simãoobão ($4.39 in chips) 
TTomi18: posts small blind $0.02
sullya: posts big blind $0.05
*** HOLE CARDS ***
Dealt to Dorex2007 [2d 4h]
MarKo Rankovic: folds 
Simãoobão: calls $0.05
morayjak: folds 
Dorex2007: folds 
Bossplayer32: folds 
montreal555: folds 
TTomi18: folds 
sullya: checks 
*** FLOP *** [4s 5d Jd]
sullya: checks 
Simãoobão: bets $0.10
sullya: folds 
Uncalled bet ($0.10) returned to Simãoobão
Simãoobão collected $0.12 from pot
*** SUMMARY ***
Total pot $0.12 | Rake $0 
Board [4s 5d Jd]
Seat 1: morayjak folded before Flop (didn't bet)
Seat 2: Dorex2007 folded before Flop (didn't bet)
Seat 3: Bossplayer32 folded before Flop (didn't bet)
Seat 4: montreal555 (button) folded before Flop (didn't bet)
Seat 5: TTomi18 (small blind) folded before Flop
Seat 6: sullya (big blind) folded on the Flop
Seat 8: MarKo Rankovic folded before Flop (didn't bet)
Seat 9: Simãoobão collected ($0.12)



PokerStars Hand #238823795704:  Hold'em No Limit ($0.02/$0.05 USD) - 2022/09/23 17:38:49 PT [2022/09/23 20:38:49 ET]
Table 'Veritas III' 9-max Seat #5 is the button
Seat 1: morayjak ($2.07 in chips) 
Seat 2: Dorex2007 ($5.36 in chips) 
Seat 3: Bossplayer32 ($7.84 in chips) 
Seat 4: montreal555 ($4.18 in chips) 
Seat 5: TTomi18 ($7.76 in chips) 
Seat 6: sullya ($5 in chips) 
Seat 8: MarKo Rankovic ($3.75 in chips) 
Seat 9: Simãoobão ($4.46 in chips) 
sullya: posts small blind $0.02
MarKo Rankovic: posts big blind $0.05
*** HOLE CARDS ***
Dealt to Dorex2007 [6c 5h]
Simãoobão: calls $0.05
morayjak: folds 
Dorex2007: folds 
Bossplayer32: folds 
montreal555: folds 
TTomi18: folds 
sullya: folds 
MarKo Rankovic: raises $0.05 to $0.10
Simãoobão: calls $0.05
*** FLOP *** [Ac Jc 7c]
MarKo Rankovic: bets $0.10
Simãoobão: calls $0.10
*** TURN *** [Ac Jc 7c] [Ah]
Nash540 joins the table at seat #7 
MarKo Rankovic: checks 
Simãoobão: bets $0.10
MarKo Rankovic: raises $0.20 to $0.30
Simãoobão: folds 
Uncalled bet ($0.20) returned to MarKo Rankovic
MarKo Rankovic collected $0.59 from pot
*** SUMMARY ***
Total pot $0.62 | Rake $0.03 
Board [Ac Jc 7c Ah]
Seat 1: morayjak folded before Flop (didn't bet)
Seat 2: Dorex2007 folded before Flop (didn't bet)
Seat 3: Bossplayer32 folded before Flop (didn't bet)
Seat 4: montreal555 folded before Flop (didn't bet)
Seat 5: TTomi18 (button) folded before Flop (didn't bet)
Seat 6: sullya (small blind) folded before Flop
Seat 8: MarKo Rankovic (big blind) collected ($0.59)
Seat 9: Simãoobão folded on the Turn



PokerStars Hand #238823806834:  Hold'em No Limit ($0.02/$0.05 USD) - 2022/09/23 17:39:37 PT [2022/09/23 20:39:37 ET]
Table 'Veritas III' 9-max Seat #6 is the button
Seat 1: morayjak ($2.07 in chips) 
Seat 2: Dorex2007 ($5.36 in chips) 
Seat 3: Bossplayer32 ($7.84 in chips) 
Seat 4: montreal555 ($4.18 in chips) 
Seat 5: TTomi18 ($7.76 in chips) 
Seat 6: sullya ($5 in chips) 
Seat 8: MarKo Rankovic ($4.04 in chips) 
Seat 9: Simãoobão ($4.16 in chips) 
MarKo Rankovic: posts small blind $0.02
Simãoobão: posts big blind $0.05
*** HOLE CARDS ***
Dealt to Dorex2007 [4s 7d]
morayjak: folds 
Dorex2007: folds 
Bossplayer32: folds 
montreal555: folds 
TTomi18: raises $0.10 to $0.15
sullya: folds 
MarKo Rankovic: calls $0.13
Simãoobão: calls $0.10
*** FLOP *** [Qd Qs 7h]
MarKo Rankovic: checks 
Simãoobão: bets $0.10
TTomi18: folds 
MarKo Rankovic: folds 
Uncalled bet ($0.10) returned to Simãoobão
Simãoobão collected $0.43 from pot
*** SUMMARY ***
Total pot $0.45 | Rake $0.02 
Board [Qd Qs 7h]
Seat 1: morayjak folded before Flop (didn't bet)
Seat 2: Dorex2007 folded before Flop (didn't bet)
Seat 3: Bossplayer32 folded before Flop (didn't bet)
Seat 4: montreal555 folded before Flop (didn't bet)
Seat 5: TTomi18 folded on the Flop
Seat 6: sullya (button) folded before Flop (didn't bet)
Seat 8: MarKo Rankovic (small blind) folded on the Flop
Seat 9: Simãoobão (big blind) collected ($0.43)



PokerStars Hand #238823814342:  Hold'em No Limit ($0.02/$0.05 USD) - 2022/09/23 17:40:09 PT [2022/09/23 20:40:09 ET]
Table 'Veritas III' 9-max Seat #8 is the button
Seat 1: morayjak ($2.07 in chips) 
Seat 2: Dorex2007 ($5.36 in chips) 
Seat 3: Bossplayer32 ($7.84 in chips) 
Seat 4: montreal555 ($4.18 in chips) 
Seat 5: TTomi18 ($7.61 in chips) 
Seat 6: sullya ($5 in chips) 
Seat 8: MarKo Rankovic ($3.89 in chips) 
Seat 9: Simãoobão ($4.44 in chips) 
Simãoobão: posts small blind $0.02
morayjak: posts big blind $0.05
Nash540: sits out 
*** HOLE CARDS ***
Dealt to Dorex2007 [5c Kc]
Dorex2007: folds 
Bossplayer32: raises $0.10 to $0.15
montreal555: folds 
TTomi18: folds 
sullya: calls $0.15
MarKo Rankovic: calls $0.15
Simãoobão: raises $0.15 to $0.30
morayjak: folds 
Bossplayer32: calls $0.15
sullya: calls $0.15
MarKo Rankovic: calls $0.15
*** FLOP *** [6h 6s Qd]
Simãoobão: bets $0.60
Bossplayer32: calls $0.60
sullya: folds 
MarKo Rankovic: folds 
*** TURN *** [6h 6s Qd] [3c]
Simãoobão: bets $1.17
Bossplayer32: folds 
Uncalled bet ($1.17) returned to Simãoobão
Simãoobão collected $2.35 from pot
*** SUMMARY ***
Total pot $2.45 | Rake $0.10 
Board [6h 6s Qd 3c]
Seat 1: morayjak (big blind) folded before Flop
Seat 2: Dorex2007 folded before Flop (didn't bet)
Seat 3: Bossplayer32 folded on the Turn
Seat 4: montreal555 folded before Flop (didn't bet)
Seat 5: TTomi18 folded before Flop (didn't bet)
Seat 6: sullya folded on the Flop
Seat 8: MarKo Rankovic (button) folded on the Flop
Seat 9: Simãoobão (small blind) collected ($2.35)



PokerStars Hand #238823831673:  Hold'em No Limit ($0.02/$0.05 USD) - 2022/09/23 17:41:24 PT [2022/09/23 20:41:24 ET]
Table 'Veritas III' 9-max Seat #9 is the button
Seat 1: morayjak ($2.02 in chips) 
Seat 2: Dorex2007 ($5.36 in chips) 
Seat 3: Bossplayer32 ($6.94 in chips) 
Seat 4: montreal555 ($4.18 in chips) 
Seat 5: TTomi18 ($7.61 in chips) 
Seat 6: sullya ($5 in chips) 
Seat 8: MarKo Rankovic ($3.59 in chips) 
Seat 9: Simãoobão ($5.89 in chips) 
morayjak: posts small blind $0.02
Dorex2007: posts big blind $0.05
Nash540: sits out 
*** HOLE CARDS ***
Dealt to Dorex2007 [2c 6c]
Bossplayer32: folds 
montreal555: calls $0.05
TTomi18: folds 
sullya: folds 
MarKo Rankovic: raises $0.17 to $0.22
Simãoobão: calls $0.22
morayjak: folds 
Dorex2007: folds 
montreal555: calls $0.17
*** FLOP *** [Ac 5h 2s]
montreal555: checks 
MarKo Rankovic: bets $0.35
Simãoobão: calls $0.35
montreal555: folds 
*** TURN *** [Ac 5h 2s] [9h]
MarKo Rankovic: checks 
Simãoobão: bets $0.68
MarKo Rankovic: folds 
Uncalled bet ($0.68) returned to Simãoobão
Simãoobão collected $1.37 from pot
*** SUMMARY ***
Total pot $1.43 | Rake $0.06 
Board [Ac 5h 2s 9h]
Seat 1: morayjak (small blind) folded before Flop
Seat 2: Dorex2007 (big blind) folded before Flop
Seat 3: Bossplayer32 folded before Flop (didn't bet)
Seat 4: montreal555 folded on the Flop
Seat 5: TTomi18 folded before Flop (didn't bet)
Seat 6: sullya folded before Flop (didn't bet)
Seat 8: MarKo Rankovic folded on the Turn
Seat 9: Simãoobão (button) collected ($1.37)



PokerStars Hand #238823842285:  Hold'em No Limit ($0.02/$0.05 USD) - 2022/09/23 17:42:09 PT [2022/09/23 20:42:09 ET]
Table 'Veritas III' 9-max Seat #1 is the button
Seat 1: morayjak ($2 in chips) 
Seat 2: Dorex2007 ($5.31 in chips) 
Seat 3: Bossplayer32 ($6.94 in chips) 
Seat 4: montreal555 ($3.96 in chips) 
Seat 5: TTomi18 ($7.61 in chips) 
Seat 6: sullya ($5 in chips) 
Seat 8: MarKo Rankovic ($3.02 in chips) 
Seat 9: Simãoobão ($6.69 in chips) 
Dorex2007: posts small blind $0.02
Bossplayer32: posts big blind $0.05
Nash540: sits out 
*** HOLE CARDS ***
Dealt to Dorex2007 [Td 3d]
montreal555: folds 
TTomi18: raises $0.10 to $0.15
sullya: folds 
MarKo Rankovic: raises $0.40 to $0.55
Simãoobão: folds 
morayjak: folds 
Dorex2007: folds 
Bossplayer32: folds 
TTomi18: folds 
Uncalled bet ($0.40) returned to MarKo Rankovic
MarKo Rankovic collected $0.37 from pot
*** SUMMARY ***
Total pot $0.37 | Rake $0 
Seat 1: morayjak (button) folded before Flop (didn't bet)
Seat 2: Dorex2007 (small blind) folded before Flop
Seat 3: Bossplayer32 (big blind) folded before Flop
Seat 4: montreal555 folded before Flop (didn't bet)
Seat 5: TTomi18 folded before Flop
Seat 6: sullya folded before Flop (didn't bet)
Seat 8: MarKo Rankovic collected ($0.37)
Seat 9: Simãoobão folded before Flop (didn't bet)



PokerStars Hand #238823847698:  Hold'em No Limit ($0.02/$0.05 USD) - 2022/09/23 17:42:33 PT [2022/09/23 20:42:33 ET]
Table 'Veritas III' 9-max Seat #2 is the button
Seat 1: morayjak ($2 in chips) 
Seat 2: Dorex2007 ($5.29 in chips) 
Seat 3: Bossplayer32 ($6.89 in chips) 
Seat 4: montreal555 ($3.96 in chips) 
Seat 5: TTomi18 ($7.46 in chips) 
Seat 6: sullya ($5 in chips) 
Seat 8: MarKo Rankovic ($3.24 in chips) 
Seat 9: Simãoobão ($6.69 in chips) 
Bossplayer32: posts small blind $0.02
montreal555: posts big blind $0.05
Nash540: sits out 
*** HOLE CARDS ***
Dealt to Dorex2007 [9c As]
TTomi18: folds 
sullya has timed out
sullya: folds 
MarKo Rankovic: raises $0.15 to $0.20
Simãoobão: calls $0.20
morayjak: folds 
Dorex2007: folds 
Bossplayer32: folds 
montreal555: folds 
*** FLOP *** [2d Jc Jd]
MarKo Rankovic: bets $0.22
Simãoobão: raises $0.22 to $0.44
MarKo Rankovic: calls $0.22
*** TURN *** [2d Jc Jd] [3c]
MarKo Rankovic: checks 
Simãoobão: bets $0.64
MarKo Rankovic: calls $0.64
*** RIVER *** [2d Jc Jd 3c] [4h]
MarKo Rankovic: bets $1.96 and is all-in
Simãoobão: calls $1.96
*** SHOW DOWN ***
MarKo Rankovic: shows [5d 5c] (two pair, Jacks and Fives)
Simãoobão: shows [2s Ah] (two pair, Jacks and Deuces)
MarKo Rankovic collected $6.28 from pot
*** SUMMARY ***
Total pot $6.55 | Rake $0.27 
Board [2d Jc Jd 3c 4h]
Seat 1: morayjak folded before Flop (didn't bet)
Seat 2: Dorex2007 (button) folded before Flop (didn't bet)
Seat 3: Bossplayer32 (small blind) folded before Flop
Seat 4: montreal555 (big blind) folded before Flop
Seat 5: TTomi18 folded before Flop (didn't bet)
Seat 6: sullya folded before Flop (didn't bet)
Seat 8: MarKo Rankovic showed [5d 5c] and won ($6.28) with two pair, Jacks and Fives
Seat 9: Simãoobão showed [2s Ah] and lost with two pair, Jacks and Deuces



PokerStars Hand #238823859626:  Hold'em No Limit ($0.02/$0.05 USD) - 2022/09/23 17:43:26 PT [2022/09/23 20:43:26 ET]
Table 'Veritas III' 9-max Seat #3 is the button
Seat 1: morayjak ($2 in chips) 
Seat 2: Dorex2007 ($5.29 in chips) 
Seat 3: Bossplayer32 ($6.87 in chips) 
Seat 4: montreal555 ($3.91 in chips) 
Seat 5: TTomi18 ($7.46 in chips) 
Seat 6: sullya ($5 in chips) 
Seat 8: MarKo Rankovic ($6.28 in chips) 
Seat 9: Simãoobão ($3.45 in chips) 
montreal555: posts small blind $0.02
TTomi18: posts big blind $0.05
Nash540: sits out 
*** HOLE CARDS ***
Dealt to Dorex2007 [5d Td]
sullya: raises $0.10 to $0.15
MarKo Rankovic: raises $0.15 to $0.30
Simãoobão: folds 
morayjak: folds 
Dorex2007: folds 
Bossplayer32: folds 
montreal555: folds 
TTomi18: folds 
sullya: calls $0.15
*** FLOP *** [2h 6c 5s]
sullya: checks 
MarKo Rankovic: checks 
*** TURN *** [2h 6c 5s] [7s]
sullya: bets $0.54
MarKo Rankovic: folds 
Uncalled bet ($0.54) returned to sullya
sullya collected $0.64 from pot
*** SUMMARY ***
Total pot $0.67 | Rake $0.03 
Board [2h 6c 5s 7s]
Seat 1: morayjak folded before Flop (didn't bet)
Seat 2: Dorex2007 folded before Flop (didn't bet)
Seat 3: Bossplayer32 (button) folded before Flop (didn't bet)
Seat 4: montreal555 (small blind) folded before Flop
Seat 5: TTomi18 (big blind) folded before Flop
Seat 6: sullya collected ($0.64)
Seat 8: MarKo Rankovic folded on the Turn
Seat 9: Simãoobão folded before Flop (didn't bet)



PokerStars Hand #238823866799:  Hold'em No Limit ($0.02/$0.05 USD) - 2022/09/23 17:43:57 PT [2022/09/23 20:43:57 ET]
Table 'Veritas III' 9-max Seat #4 is the button
Seat 1: morayjak ($2 in chips) 
Seat 2: Dorex2007 ($5.29 in chips) 
Seat 3: Bossplayer32 ($6.87 in chips) 
Seat 4: montreal555 ($3.89 in chips) 
Seat 5: TTomi18 ($7.41 in chips) 
Seat 6: sullya ($5.34 in chips) 
Seat 8: MarKo Rankovic ($5.98 in chips) 
Seat 9: Simãoobão ($3.45 in chips) 
TTomi18: posts small blind $0.02
sullya: posts big blind $0.05
Nash540: sits out 
*** HOLE CARDS ***
Dealt to Dorex2007 [7h 6d]
MarKo Rankovic: folds 
Simãoobão: raises $0.05 to $0.10
morayjak: folds 
Dorex2007: folds 
Bossplayer32: folds 
montreal555: calls $0.10
TTomi18: calls $0.08
sullya: calls $0.05
*** FLOP *** [Jh 3c Js]
TTomi18: checks 
sullya: checks 
Simãoobão: checks 
montreal555: checks 
*** TURN *** [Jh 3c Js] [9h]
TTomi18: checks 
sullya: bets $0.20
Simãoobão: calls $0.20
montreal555: folds 
TTomi18: folds 
*** RIVER *** [Jh 3c Js 9h] [4s]
sullya: checks 
Simãoobão: bets $0.38
sullya: calls $0.38
*** SHOW DOWN ***
Simãoobão: shows [Tc Jc] (three of a kind, Jacks)
sullya: mucks hand 
Simãoobão collected $1.50 from pot
*** SUMMARY ***
Total pot $1.56 | Rake $0.06 
Board [Jh 3c Js 9h 4s]
Seat 1: morayjak folded before Flop (didn't bet)
Seat 2: Dorex2007 folded before Flop (didn't bet)
Seat 3: Bossplayer32 folded before Flop (didn't bet)
Seat 4: montreal555 (button) folded on the Turn
Seat 5: TTomi18 (small blind) folded on the Turn
Seat 6: sullya (big blind) mucked [6h 6s]
Seat 8: MarKo Rankovic folded before Flop (didn't bet)
Seat 9: Simãoobão showed [Tc Jc] and won ($1.50) with three of a kind, Jacks



PokerStars Hand #238823882062:  Hold'em No Limit ($0.02/$0.05 USD) - 2022/09/23 17:45:04 PT [2022/09/23 20:45:04 ET]
Table 'Veritas III' 9-max Seat #5 is the button
Seat 1: morayjak ($2 in chips) 
Seat 2: Dorex2007 ($5.29 in chips) 
Seat 3: Bossplayer32 ($6.87 in chips) 
Seat 4: montreal555 ($3.79 in chips) 
Seat 5: TTomi18 ($7.31 in chips) 
Seat 6: sullya ($5 in chips) 
Seat 7: Nash540 ($4 in chips) 
Seat 8: MarKo Rankovic ($5.98 in chips) 
Seat 9: Simãoobão ($4.27 in chips) 
sullya: posts small blind $0.02
Nash540: posts big blind $0.05
*** HOLE CARDS ***
Dealt to Dorex2007 [7c Qh]
MarKo Rankovic: raises $0.05 to $0.10
Simãoobão: folds 
morayjak: raises $0.15 to $0.25
Dorex2007: folds 
Bossplayer32: folds 
montreal555: folds 
TTomi18: folds 
sullya: raises $0.65 to $0.90
Nash540: folds 
MarKo Rankovic: calls $0.80
morayjak: raises $1.10 to $2 and is all-in
sullya: raises $3 to $5 and is all-in
MarKo Rankovic: folds 
Uncalled bet ($3) returned to sullya
*** FLOP *** [4h 7s 3h]
*** TURN *** [4h 7s 3h] [4s]
*** RIVER *** [4h 7s 3h 4s] [2s]
*** SHOW DOWN ***
sullya: shows [Kd Kh] (two pair, Kings and Fours)
morayjak: shows [Qs Ad] (a pair of Fours)
sullya collected $4.74 from pot
*** SUMMARY ***
Total pot $4.95 | Rake $0.21 
Board [4h 7s 3h 4s 2s]
Seat 1: morayjak showed [Qs Ad] and lost with a pair of Fours
Seat 2: Dorex2007 folded before Flop (didn't bet)
Seat 3: Bossplayer32 folded before Flop (didn't bet)
Seat 4: montreal555 folded before Flop (didn't bet)
Seat 5: TTomi18 (button) folded before Flop (didn't bet)
Seat 6: sullya (small blind) showed [Kd Kh] and won ($4.74) with two pair, Kings and Fours
Seat 7: Nash540 (big blind) folded before Flop
Seat 8: MarKo Rankovic folded before Flop
Seat 9: Simãoobão folded before Flop (didn't bet)



PokerStars Hand #238823894999:  Hold'em No Limit ($0.02/$0.05 USD) - 2022/09/23 17:46:01 PT [2022/09/23 20:46:01 ET]
Table 'Veritas III' 9-max Seat #6 is the button
Seat 2: Dorex2007 ($5.29 in chips) 
Seat 3: Bossplayer32 ($6.87 in chips) 
Seat 4: montreal555 ($3.79 in chips) 
Seat 5: TTomi18 ($7.31 in chips) 
Seat 6: sullya ($7.74 in chips) 
Seat 7: Nash540 ($3.95 in chips) 
Seat 8: MarKo Rankovic ($5.08 in chips) 
Seat 9: Simãoobão ($4.27 in chips) 
Nash540: posts small blind $0.02
MarKo Rankovic: posts big blind $0.05
*** HOLE CARDS ***
Dealt to Dorex2007 [Ad 4h]
Simãoobão: calls $0.05
Dorex2007: folds 
Bossplayer32: folds 
montreal555: calls $0.05
TTomi18: folds 
sullya: folds 
morayjak leaves the table
Nash540: calls $0.03
VascoSerg joins the table at seat #1 
MarKo Rankovic: checks 
*** FLOP *** [As 4c 5d]
VascoSerg leaves the table
Nash540: checks 
MarKo Rankovic: checks 
Simãoobão: checks 
montreal555: checks 
*** TURN *** [As 4c 5d] [Qd]
Nash540: checks 
MarKo Rankovic: bets $0.09
Simãoobão: calls $0.09
montreal555: folds 
Nash540: calls $0.09
*** RIVER *** [As 4c 5d Qd] [Kd]
kevmcginge joins the table at seat #1 
Nash540: checks 
MarKo Rankovic: bets $0.22
Simãoobão: calls $0.22
Nash540: folds 
*** SHOW DOWN ***
MarKo Rankovic: shows [2s Ts] (high card Ace)
Simãoobão: shows [Kc 3h] (a pair of Kings)
Simãoobão collected $0.87 from pot
*** SUMMARY ***
Total pot $0.91 | Rake $0.04 
Board [As 4c 5d Qd Kd]
Seat 2: Dorex2007 folded before Flop (didn't bet)
Seat 3: Bossplayer32 folded before Flop (didn't bet)
Seat 4: montreal555 folded on the Turn
Seat 5: TTomi18 folded before Flop (didn't bet)
Seat 6: sullya (button) folded before Flop (didn't bet)
Seat 7: Nash540 (small blind) folded on the River
Seat 8: MarKo Rankovic (big blind) showed [2s Ts] and lost with high card Ace
Seat 9: Simãoobão showed [Kc 3h] and won ($0.87) with a pair of Kings



PokerStars Hand #238823910820:  Hold'em No Limit ($0.02/$0.05 USD) - 2022/09/23 17:47:11 PT [2022/09/23 20:47:11 ET]
Table 'Veritas III' 9-max Seat #7 is the button
Seat 2: Dorex2007 ($5.29 in chips) 
Seat 3: Bossplayer32 ($6.87 in chips) 
Seat 4: montreal555 ($3.74 in chips) 
Seat 5: TTomi18 ($7.31 in chips) 
Seat 6: sullya ($7.74 in chips) 
Seat 7: Nash540 ($3.81 in chips) 
Seat 8: MarKo Rankovic ($4.72 in chips) 
Seat 9: Simãoobão ($4.78 in chips) 
MarKo Rankovic: posts small blind $0.02
Simãoobão: posts big blind $0.05
kevmcginge: sits out 
*** HOLE CARDS ***
Dealt to Dorex2007 [Kd 5c]
Dorex2007: folds 
Bossplayer32: folds 
montreal555: folds 
TTomi18: folds 
sullya: folds 
Nash540: calls $0.05
MarKo Rankovic: raises $0.10 to $0.15
Simãoobão: folds 
Nash540: calls $0.10
*** FLOP *** [Kc 2h 6h]
MarKo Rankovic: bets $0.17
Nash540: folds 
Uncalled bet ($0.17) returned to MarKo Rankovic
MarKo Rankovic collected $0.34 from pot
*** SUMMARY ***
Total pot $0.35 | Rake $0.01 
Board [Kc 2h 6h]
Seat 2: Dorex2007 folded before Flop (didn't bet)
Seat 3: Bossplayer32 folded before Flop (didn't bet)
Seat 4: montreal555 folded before Flop (didn't bet)
Seat 5: TTomi18 folded before Flop (didn't bet)
Seat 6: sullya folded before Flop (didn't bet)
Seat 7: Nash540 (button) folded on the Flop
Seat 8: MarKo Rankovic (small blind) collected ($0.34)
Seat 9: Simãoobão (big blind) folded before Flop



PokerStars Hand #238823920744:  Hold'em No Limit ($0.02/$0.05 USD) - 2022/09/23 17:47:55 PT [2022/09/23 20:47:55 ET]
Table 'Veritas III' 9-max Seat #8 is the button
Seat 1: kevmcginge ($5 in chips) 
Seat 2: Dorex2007 ($5.29 in chips) 
Seat 3: Bossplayer32 ($6.87 in chips) 
Seat 4: montreal555 ($3.74 in chips) 
Seat 5: TTomi18 ($7.31 in chips) 
Seat 6: sullya ($7.74 in chips) 
Seat 7: Nash540 ($3.66 in chips) 
Seat 8: MarKo Rankovic ($4.91 in chips) 
Seat 9: Simãoobão ($4.73 in chips) 
Simãoobão: posts small blind $0.02
kevmcginge: posts big blind $0.05
*** HOLE CARDS ***
Dealt to Dorex2007 [7d 2c]
Dorex2007: folds 
Bossplayer32: folds 
montreal555: calls $0.05
TTomi18: folds 
sullya: folds 
Nash540: folds 
MarKo Rankovic: raises $0.15 to $0.20
Simãoobão: calls $0.18
kevmcginge: folds 
montreal555: calls $0.15
*** FLOP *** [5d 6s Jc]
Simãoobão: bets $0.15
montreal555: folds 
MarKo Rankovic: calls $0.15
*** TURN *** [5d 6s Jc] [3s]
Simãoobão: bets $0.15
MarKo Rankovic: folds 
Uncalled bet ($0.15) returned to Simãoobão
Simãoobão collected $0.91 from pot
*** SUMMARY ***
Total pot $0.95 | Rake $0.04 
Board [5d 6s Jc 3s]
Seat 1: kevmcginge (big blind) folded before Flop
Seat 2: Dorex2007 folded before Flop (didn't bet)
Seat 3: Bossplayer32 folded before Flop (didn't bet)
Seat 4: montreal555 folded on the Flop
Seat 5: TTomi18 folded before Flop (didn't bet)
Seat 6: sullya folded before Flop (didn't bet)
Seat 7: Nash540 folded before Flop (didn't bet)
Seat 8: MarKo Rankovic (button) folded on the Turn
Seat 9: Simãoobão (small blind) collected ($0.91)



PokerStars Hand #238823930491:  Hold'em No Limit ($0.02/$0.05 USD) - 2022/09/23 17:48:38 PT [2022/09/23 20:48:38 ET]
Table 'Veritas III' 9-max Seat #9 is the button
Seat 1: kevmcginge ($4.95 in chips) 
Seat 2: Dorex2007 ($5.29 in chips) 
Seat 3: Bossplayer32 ($6.87 in chips) 
Seat 4: montreal555 ($3.54 in chips) 
Seat 5: TTomi18 ($7.31 in chips) 
Seat 6: sullya ($7.74 in chips) 
Seat 7: Nash540 ($3.66 in chips) 
Seat 8: MarKo Rankovic ($4.56 in chips) 
Seat 9: Simãoobão ($5.29 in chips) 
kevmcginge: posts small blind $0.02
Dorex2007: posts big blind $0.05
*** HOLE CARDS ***
Dealt to Dorex2007 [Qd Qc]
Bossplayer32: raises $0.10 to $0.15
montreal555: folds 
TTomi18: folds 
sullya: folds 
Nash540: folds 
MarKo Rankovic: raises $0.15 to $0.30
Simãoobão: folds 
kevmcginge: folds 
Dorex2007: raises $4.99 to $5.29 and is all-in
Bossplayer32: folds 
MarKo Rankovic: folds 
Uncalled bet ($4.99) returned to Dorex2007
Dorex2007 collected $0.77 from pot
Dorex2007: doesn't show hand 
*** SUMMARY ***
Total pot $0.77 | Rake $0 
Seat 1: kevmcginge (small blind) folded before Flop
Seat 2: Dorex2007 (big blind) collected ($0.77)
Seat 3: Bossplayer32 folded before Flop
Seat 4: montreal555 folded before Flop (didn't bet)
Seat 5: TTomi18 folded before Flop (didn't bet)
Seat 6: sullya folded before Flop (didn't bet)
Seat 7: Nash540 folded before Flop (didn't bet)
Seat 8: MarKo Rankovic folded before Flop
Seat 9: Simãoobão (button) folded before Flop (didn't bet)



PokerStars Hand #238823939010:  Hold'em No Limit ($0.02/$0.05 USD) - 2022/09/23 17:49:16 PT [2022/09/23 20:49:16 ET]
Table 'Veritas III' 9-max Seat #1 is the button
Seat 1: kevmcginge ($4.93 in chips) 
Seat 2: Dorex2007 ($5.76 in chips) 
Seat 3: Bossplayer32 ($6.72 in chips) 
Seat 4: montreal555 ($3.54 in chips) 
Seat 5: TTomi18 ($7.31 in chips) 
Seat 6: sullya ($7.74 in chips) 
Seat 7: Nash540 ($3.66 in chips) 
Seat 8: MarKo Rankovic ($4.26 in chips) 
Seat 9: Simãoobão ($5.29 in chips) 
Dorex2007: posts small blind $0.02
Bossplayer32: posts big blind $0.05
*** HOLE CARDS ***
Dealt to Dorex2007 [Jd 4s]
montreal555: calls $0.05
TTomi18: folds 
sullya: folds 
Nash540: raises $0.10 to $0.15
MarKo Rankovic: raises $0.15 to $0.30
Simãoobão: folds 
kevmcginge: folds 
Dorex2007: folds 
Bossplayer32: folds 
montreal555: folds 
Nash540: calls $0.15
*** FLOP *** [2d Ks 3h]
Nash540: checks 
MarKo Rankovic: checks 
*** TURN *** [2d Ks 3h] [9c]
Nash540: bets $0.34
MarKo Rankovic: folds 
Uncalled bet ($0.34) returned to Nash540
Nash540 collected $0.69 from pot
Nash540: doesn't show hand 
*** SUMMARY ***
Total pot $0.72 | Rake $0.03 
Board [2d Ks 3h 9c]
Seat 1: kevmcginge (button) folded before Flop (didn't bet)
Seat 2: Dorex2007 (small blind) folded before Flop
Seat 3: Bossplayer32 (big blind) folded before Flop
Seat 4: montreal555 folded before Flop
Seat 5: TTomi18 folded before Flop (didn't bet)
Seat 6: sullya folded before Flop (didn't bet)
Seat 7: Nash540 collected ($0.69)
Seat 8: MarKo Rankovic folded on the Turn
Seat 9: Simãoobão folded before Flop (didn't bet)



PokerStars Hand #238823954706:  Hold'em No Limit ($0.02/$0.05 USD) - 2022/09/23 17:50:25 PT [2022/09/23 20:50:25 ET]
Table 'Veritas III' 9-max Seat #2 is the button
Seat 1: kevmcginge ($4.93 in chips) 
Seat 2: Dorex2007 ($5.74 in chips) 
Seat 3: Bossplayer32 ($6.67 in chips) 
Seat 4: montreal555 ($3.49 in chips) 
Seat 5: TTomi18 ($7.31 in chips) 
Seat 6: sullya ($7.74 in chips) 
Seat 7: Nash540 ($4.05 in chips) 
Seat 8: MarKo Rankovic ($3.96 in chips) 
Seat 9: Simãoobão ($5.29 in chips) 
Bossplayer32: posts small blind $0.02
montreal555: posts big blind $0.05
*** HOLE CARDS ***
Dealt to Dorex2007 [7d 8c]
TTomi18: folds 
sullya: raises $0.10 to $0.15
Nash540: folds 
MarKo Rankovic: folds 
Simãoobão: folds 
kevmcginge: folds 
Dorex2007: folds 
Bossplayer32: folds 
montreal555: folds 
Uncalled bet ($0.10) returned to sullya
sullya collected $0.12 from pot
*** SUMMARY ***
Total pot $0.12 | Rake $0 
Seat 1: kevmcginge folded before Flop (didn't bet)
Seat 2: Dorex2007 (button) folded before Flop (didn't bet)
Seat 3: Bossplayer32 (small blind) folded before Flop
Seat 4: montreal555 (big blind) folded before Flop
Seat 5: TTomi18 folded before Flop (didn't bet)
Seat 6: sullya collected ($0.12)
Seat 7: Nash540 folded before Flop (didn't bet)
Seat 8: MarKo Rankovic folded before Flop (didn't bet)
Seat 9: Simãoobão folded before Flop (didn't bet)



PokerStars Hand #238823958188:  Hold'em No Limit ($0.02/$0.05 USD) - 2022/09/23 17:50:41 PT [2022/09/23 20:50:41 ET]
Table 'Veritas III' 9-max Seat #3 is the button
Seat 1: kevmcginge ($4.93 in chips) 
Seat 2: Dorex2007 ($5.74 in chips) 
Seat 3: Bossplayer32 ($6.65 in chips) 
Seat 4: montreal555 ($3.44 in chips) 
Seat 5: TTomi18 ($7.31 in chips) 
Seat 6: sullya ($7.81 in chips) 
Seat 7: Nash540 ($4.05 in chips) 
Seat 8: MarKo Rankovic ($3.96 in chips) 
Seat 9: Simãoobão ($5.29 in chips) 
montreal555: posts small blind $0.02
TTomi18: posts big blind $0.05
*** HOLE CARDS ***
Dealt to Dorex2007 [4c 9s]
sullya: folds 
Nash540: folds 
MarKo Rankovic: folds 
Simãoobão: folds 
kevmcginge: folds 
Dorex2007: folds 
Bossplayer32: raises $0.10 to $0.15
montreal555: folds 
TTomi18: folds 
Uncalled bet ($0.10) returned to Bossplayer32
Bossplayer32 collected $0.12 from pot
Bossplayer32: doesn't show hand 
*** SUMMARY ***
Total pot $0.12 | Rake $0 
Seat 1: kevmcginge folded before Flop (didn't bet)
Seat 2: Dorex2007 folded before Flop (didn't bet)
Seat 3: Bossplayer32 (button) collected ($0.12)
Seat 4: montreal555 (small blind) folded before Flop
Seat 5: TTomi18 (big blind) folded before Flop
Seat 6: sullya folded before Flop (didn't bet)
Seat 7: Nash540 folded before Flop (didn't bet)
Seat 8: MarKo Rankovic folded before Flop (didn't bet)
Seat 9: Simãoobão folded before Flop (didn't bet)



PokerStars Hand #238823965049:  Hold'em No Limit ($0.02/$0.05 USD) - 2022/09/23 17:51:11 PT [2022/09/23 20:51:11 ET]
Table 'Veritas III' 9-max Seat #4 is the button
Seat 1: kevmcginge ($4.93 in chips) 
Seat 2: Dorex2007 ($5.74 in chips) 
Seat 3: Bossplayer32 ($6.72 in chips) 
Seat 4: montreal555 ($3.42 in chips) 
Seat 5: TTomi18 ($7.26 in chips) 
Seat 6: sullya ($7.81 in chips) 
Seat 7: Nash540 ($4.05 in chips) 
Seat 8: MarKo Rankovic ($3.96 in chips) 
Seat 9: Simãoobão ($5.29 in chips) 
TTomi18: posts small blind $0.02
sullya: posts big blind $0.05
*** HOLE CARDS ***
Dealt to Dorex2007 [Qs 2s]
Nash540: calls $0.05
MarKo Rankovic: raises $0.05 to $0.10
Simãoobão: calls $0.10
kevmcginge: calls $0.10
Dorex2007: folds 
Bossplayer32: folds 
montreal555: folds 
TTomi18: folds 
sullya: folds 
Nash540: calls $0.05
*** FLOP *** [4s Kc 9d]
Nash540: checks 
MarKo Rankovic: checks 
Simãoobão: checks 
kevmcginge: bets $0.10
Nash540: calls $0.10
MarKo Rankovic: calls $0.10
Simãoobão: folds 
*** TURN *** [4s Kc 9d] [Ah]
Nash540: checks 
MarKo Rankovic: checks 
kevmcginge: checks 
*** RIVER *** [4s Kc 9d Ah] [6h]
Nash540: checks 
MarKo Rankovic: bets $0.37
kevmcginge: folds 
Nash540: folds 
Uncalled bet ($0.37) returned to MarKo Rankovic
MarKo Rankovic collected $0.74 from pot
*** SUMMARY ***
Total pot $0.77 | Rake $0.03 
Board [4s Kc 9d Ah 6h]
Seat 1: kevmcginge folded on the River
Seat 2: Dorex2007 folded before Flop (didn't bet)
Seat 3: Bossplayer32 folded before Flop (didn't bet)
Seat 4: montreal555 (button) folded before Flop (didn't bet)
Seat 5: TTomi18 (small blind) folded before Flop
Seat 6: sullya (big blind) folded before Flop
Seat 7: Nash540 folded on the River
Seat 8: MarKo Rankovic collected ($0.74)
Seat 9: Simãoobão folded on the Flop



PokerStars Hand #238823984626:  Hold'em No Limit ($0.02/$0.05 USD) - 2022/09/23 17:52:40 PT [2022/09/23 20:52:40 ET]
Table 'Veritas III' 9-max Seat #5 is the button
Seat 1: kevmcginge ($4.73 in chips) 
Seat 2: Dorex2007 ($5.74 in chips) 
Seat 3: Bossplayer32 ($6.72 in chips) 
Seat 4: montreal555 ($3.42 in chips) 
Seat 5: TTomi18 ($7.24 in chips) 
Seat 6: sullya ($7.76 in chips) 
Seat 7: Nash540 ($3.85 in chips) 
Seat 8: MarKo Rankovic ($4.50 in chips) 
Seat 9: Simãoobão ($5.19 in chips) 
sullya: posts small blind $0.02
Nash540: posts big blind $0.05
*** HOLE CARDS ***
Dealt to Dorex2007 [Ks Jh]
MarKo Rankovic: raises $0.10 to $0.15
Simãoobão: calls $0.15
kevmcginge: folds 
Dorex2007: calls $0.15
Bossplayer32: calls $0.15
montreal555: folds 
TTomi18: calls $0.15
sullya: calls $0.13
Nash540: folds 
*** FLOP *** [5c 8h 6d]
sullya: checks 
MarKo Rankovic: checks 
Simãoobão: bets $0.10
Dorex2007: folds 
Bossplayer32: calls $0.10
TTomi18: calls $0.10
sullya: calls $0.10
MarKo Rankovic: calls $0.10
*** TURN *** [5c 8h 6d] [9h]
sullya: bets $0.69
MarKo Rankovic: folds 
Simãoobão: folds 
Bossplayer32: calls $0.69
TTomi18: folds 
*** RIVER *** [5c 8h 6d 9h] [8d]
sullya: checks 
Bossplayer32: checks 
*** SHOW DOWN ***
sullya: shows [As 9s] (two pair, Nines and Eights)
Bossplayer32: mucks hand 
sullya collected $2.71 from pot
*** SUMMARY ***
Total pot $2.83 | Rake $0.12 
Board [5c 8h 6d 9h 8d]
Seat 1: kevmcginge folded before Flop (didn't bet)
Seat 2: Dorex2007 folded on the Flop
Seat 3: Bossplayer32 mucked [Jc Qs]
Seat 4: montreal555 folded before Flop (didn't bet)
Seat 5: TTomi18 (button) folded on the Turn
Seat 6: sullya (small blind) showed [As 9s] and won ($2.71) with two pair, Nines and Eights
Seat 7: Nash540 (big blind) folded before Flop
Seat 8: MarKo Rankovic folded on the Turn
Seat 9: Simãoobão folded on the Turn



PokerStars Hand #238824000192:  Hold'em No Limit ($0.02/$0.05 USD) - 2022/09/23 17:53:50 PT [2022/09/23 20:53:50 ET]
Table 'Veritas III' 9-max Seat #6 is the button
Seat 1: kevmcginge ($4.73 in chips) 
Seat 2: Dorex2007 ($5.59 in chips) 
Seat 3: Bossplayer32 ($5.78 in chips) 
Seat 4: montreal555 ($3.42 in chips) 
Seat 5: TTomi18 ($6.99 in chips) 
Seat 6: sullya ($9.53 in chips) 
Seat 7: Nash540 ($3.80 in chips) 
Seat 8: MarKo Rankovic ($4.25 in chips) 
Seat 9: Simãoobão ($4.94 in chips) 
Nash540: posts small blind $0.02
MarKo Rankovic: posts big blind $0.05
*** HOLE CARDS ***
Dealt to Dorex2007 [Ks Qc]
Simãoobão: calls $0.05
kevmcginge: calls $0.05
Dorex2007: raises $0.10 to $0.15
Bossplayer32: folds 
montreal555: folds 
TTomi18: folds 
sullya: folds 
Nash540: folds 
MarKo Rankovic: calls $0.10
Simãoobão: calls $0.10
kevmcginge: calls $0.10
*** FLOP *** [3s Tc 8d]
Nash540 leaves the table
MarKo Rankovic: checks 
lucaskissler joins the table at seat #7 
Simãoobão: checks 
kevmcginge: checks 
Dorex2007: checks 
*** TURN *** [3s Tc 8d] [5s]
MarKo Rankovic: checks 
Simãoobão: checks 
kevmcginge: checks 
Dorex2007: checks 
*** RIVER *** [3s Tc 8d 5s] [Qh]
MarKo Rankovic: bets $0.29
Simãoobão: folds 
kevmcginge: folds 
Dorex2007: calls $0.29
*** SHOW DOWN ***
MarKo Rankovic: shows [4s 9d] (high card Queen)
Dorex2007: shows [Ks Qc] (a pair of Queens)
Dorex2007 collected $1.15 from pot
*** SUMMARY ***
Total pot $1.20 | Rake $0.05 
Board [3s Tc 8d 5s Qh]
Seat 1: kevmcginge folded on the River
Seat 2: Dorex2007 showed [Ks Qc] and won ($1.15) with a pair of Queens
Seat 3: Bossplayer32 folded before Flop (didn't bet)
Seat 4: montreal555 folded before Flop (didn't bet)
Seat 5: TTomi18 folded before Flop (didn't bet)
Seat 6: sullya (button) folded before Flop (didn't bet)
Seat 7: Nash540 (small blind) folded before Flop
Seat 8: MarKo Rankovic (big blind) showed [4s 9d] and lost with high card Queen
Seat 9: Simãoobão folded on the River



PokerStars Hand #238824022287:  Hold'em No Limit ($0.02/$0.05 USD) - 2022/09/23 17:55:33 PT [2022/09/23 20:55:33 ET]
Table 'Veritas III' 9-max Seat #8 is the button
Seat 1: kevmcginge ($4.58 in chips) 
Seat 2: Dorex2007 ($6.30 in chips) 
Seat 3: Bossplayer32 ($5.78 in chips) 
Seat 4: montreal555 ($3.42 in chips) 
Seat 5: TTomi18 ($6.99 in chips) 
Seat 6: sullya ($9.53 in chips) 
Seat 8: MarKo Rankovic ($3.81 in chips) 
Seat 9: Simãoobão ($4.79 in chips) 
Simãoobão: posts small blind $0.02
kevmcginge: posts big blind $0.05
lucaskissler: sits out 
*** HOLE CARDS ***
Dealt to Dorex2007 [3s Jh]
Dorex2007: folds 
Bossplayer32: folds 
montreal555: folds 
TTomi18: folds 
sullya: folds 
MarKo Rankovic: calls $0.05
Simãoobão: raises $0.05 to $0.10
kevmcginge: folds 
MarKo Rankovic: calls $0.05
*** FLOP *** [5c 8c Qc]
Simãoobão: bets $0.05
MarKo Rankovic: calls $0.05
*** TURN *** [5c 8c Qc] [9c]
Simãoobão: checks 
MarKo Rankovic: checks 
*** RIVER *** [5c 8c Qc 9c] [9d]
Simãoobão: bets $0.10
MarKo Rankovic: calls $0.10
*** SHOW DOWN ***
Simãoobão: shows [Ad Kd] (a pair of Nines)
MarKo Rankovic: shows [Kh 2c] (a flush, Queen high)
MarKo Rankovic collected $0.53 from pot
*** SUMMARY ***
Total pot $0.55 | Rake $0.02 
Board [5c 8c Qc 9c 9d]
Seat 1: kevmcginge (big blind) folded before Flop
Seat 2: Dorex2007 folded before Flop (didn't bet)
Seat 3: Bossplayer32 folded before Flop (didn't bet)
Seat 4: montreal555 folded before Flop (didn't bet)
Seat 5: TTomi18 folded before Flop (didn't bet)
Seat 6: sullya folded before Flop (didn't bet)
Seat 8: MarKo Rankovic (button) showed [Kh 2c] and won ($0.53) with a flush, Queen high
Seat 9: Simãoobão (small blind) showed [Ad Kd] and lost with a pair of Nines



PokerStars Hand #238824034910:  Hold'em No Limit ($0.02/$0.05 USD) - 2022/09/23 17:56:42 PT [2022/09/23 20:56:42 ET]
Table 'Veritas III' 9-max Seat #9 is the button
Seat 1: kevmcginge ($4.53 in chips) 
Seat 2: Dorex2007 ($6.30 in chips) 
Seat 3: Bossplayer32 ($5.78 in chips) 
Seat 4: montreal555 ($3.42 in chips) 
Seat 5: TTomi18 ($6.99 in chips) 
Seat 6: sullya ($9.53 in chips) 
Seat 8: MarKo Rankovic ($4.09 in chips) 
Seat 9: Simãoobão ($4.54 in chips) 
kevmcginge: posts small blind $0.02
Dorex2007: posts big blind $0.05
lucaskissler: sits out 
*** HOLE CARDS ***
Dealt to Dorex2007 [7c Td]
Bossplayer32: folds 
montreal555: folds 
TTomi18: folds 
sullya: folds 
MarKo Rankovic: raises $0.10 to $0.15
Simãoobão: calls $0.15
kevmcginge: folds 
Dorex2007: folds 
*** FLOP *** [3c 7h 4d]
MarKo Rankovic: checks 
Simãoobão: bets $0.05
MarKo Rankovic: folds 
Uncalled bet ($0.05) returned to Simãoobão
Simãoobão collected $0.35 from pot
*** SUMMARY ***
Total pot $0.37 | Rake $0.02 
Board [3c 7h 4d]
Seat 1: kevmcginge (small blind) folded before Flop
Seat 2: Dorex2007 (big blind) folded before Flop
Seat 3: Bossplayer32 folded before Flop (didn't bet)
Seat 4: montreal555 folded before Flop (didn't bet)
Seat 5: TTomi18 folded before Flop (didn't bet)
Seat 6: sullya folded before Flop (didn't bet)
Seat 8: MarKo Rankovic folded on the Flop
Seat 9: Simãoobão (button) collected ($0.35)



PokerStars Hand #238824115359:  Hold'em No Limit ($0.02/$0.05 USD) - 2022/09/23 18:03:27 PT [2022/09/23 21:03:27 ET]
Table 'Veritas III' 9-max Seat #4 is the button
Seat 1: kevmcginge ($3.53 in chips) 
Seat 2: Dorex2007 ($6.25 in chips) 
Seat 3: Bossplayer32 ($9.56 in chips) 
Seat 4: montreal555 ($3.95 in chips) 
Seat 5: TTomi18 ($6.18 in chips) 
Seat 6: sullya ($9.71 in chips) 
Seat 7: lucaskissler ($5.70 in chips) 
Seat 8: MarKo Rankovic ($4.37 in chips) 
Seat 9: Glaucou ($5 in chips) 
TTomi18: posts small blind $0.02
sullya: posts big blind $0.05
Dorex2007: posts small & big blinds $0.07
*** HOLE CARDS ***
Dealt to Dorex2007 [8c 5d]
lucaskissler: folds 
MarKo Rankovic: raises $0.05 to $0.10
Glaucou: folds 
kevmcginge: calls $0.10
Dorex2007: folds 
Bossplayer32: folds 
montreal555: folds 
TTomi18: calls $0.08
sullya: calls $0.05
*** FLOP *** [7c 7s Qh]
TTomi18: checks 
sullya: checks 
MarKo Rankovic: bets $0.22
kevmcginge: folds 
TTomi18: folds 
sullya: calls $0.22
*** TURN *** [7c 7s Qh] [9h]
sullya: checks 
MarKo Rankovic: checks 
*** RIVER *** [7c 7s Qh 9h] [Jh]
sullya: bets $0.25
MarKo Rankovic: calls $0.25
*** SHOW DOWN ***
sullya: shows [6d Qd] (two pair, Queens and Sevens)
MarKo Rankovic: mucks hand 
sullya collected $1.35 from pot
*** SUMMARY ***
Total pot $1.41 | Rake $0.06 
Board [7c 7s Qh 9h Jh]
Seat 1: kevmcginge folded on the Flop
Seat 2: Dorex2007 folded before Flop (didn't bet)
Seat 3: Bossplayer32 folded before Flop (didn't bet)
Seat 4: montreal555 (button) folded before Flop (didn't bet)
Seat 5: TTomi18 (small blind) folded on the Flop
Seat 6: sullya (big blind) showed [6d Qd] and won ($1.35) with two pair, Queens and Sevens
Seat 7: lucaskissler folded before Flop (didn't bet)
Seat 8: MarKo Rankovic mucked [6c 9s]
Seat 9: Glaucou folded before Flop (didn't bet)



PokerStars Hand #238824128236:  Hold'em No Limit ($0.02/$0.05 USD) - 2022/09/23 18:04:25 PT [2022/09/23 21:04:25 ET]
Table 'Veritas III' 9-max Seat #5 is the button
Seat 1: kevmcginge ($5 in chips) 
Seat 2: Dorex2007 ($6.18 in chips) 
Seat 3: Bossplayer32 ($9.56 in chips) 
Seat 4: montreal555 ($3.95 in chips) 
Seat 5: TTomi18 ($6.08 in chips) 
Seat 6: sullya ($10.49 in chips) 
Seat 7: lucaskissler ($5.70 in chips) 
Seat 8: MarKo Rankovic ($3.80 in chips) 
Seat 9: Glaucou ($5 in chips) 
sullya: posts small blind $0.02
lucaskissler: posts big blind $0.05
*** HOLE CARDS ***
Dealt to Dorex2007 [7c Qd]
MarKo Rankovic: raises $0.10 to $0.15
Glaucou: folds 
kevmcginge: folds 
Dorex2007: folds 
Bossplayer32: folds 
montreal555: folds 
TTomi18: folds 
sullya: folds 
lucaskissler: folds 
Uncalled bet ($0.10) returned to MarKo Rankovic
MarKo Rankovic collected $0.12 from pot
*** SUMMARY ***
Total pot $0.12 | Rake $0 
Seat 1: kevmcginge folded before Flop (didn't bet)
Seat 2: Dorex2007 folded before Flop (didn't bet)
Seat 3: Bossplayer32 folded before Flop (didn't bet)
Seat 4: montreal555 folded before Flop (didn't bet)
Seat 5: TTomi18 (button) folded before Flop (didn't bet)
Seat 6: sullya (small blind) folded before Flop
Seat 7: lucaskissler (big blind) folded before Flop
Seat 8: MarKo Rankovic collected ($0.12)
Seat 9: Glaucou folded before Flop (didn't bet)



PokerStars Hand #238824132568:  Hold'em No Limit ($0.02/$0.05 USD) - 2022/09/23 18:04:45 PT [2022/09/23 21:04:45 ET]
Table 'Veritas III' 9-max Seat #6 is the button
Seat 1: kevmcginge ($5 in chips) 
Seat 2: Dorex2007 ($6.18 in chips) 
Seat 3: Bossplayer32 ($9.56 in chips) 
Seat 4: montreal555 ($3.95 in chips) 
Seat 5: TTomi18 ($6.08 in chips) 
Seat 6: sullya ($10.47 in chips) 
Seat 7: lucaskissler ($5.65 in chips) 
Seat 8: MarKo Rankovic ($3.87 in chips) 
Seat 9: Glaucou ($5 in chips) 
lucaskissler: posts small blind $0.02
MarKo Rankovic: posts big blind $0.05
*** HOLE CARDS ***
Dealt to Dorex2007 [8h 3d]
Glaucou: folds 
kevmcginge: folds 
Dorex2007: folds 
Bossplayer32: folds 
montreal555: folds 
TTomi18: raises $0.10 to $0.15
sullya: folds 
lucaskissler: folds 
MarKo Rankovic: calls $0.10
*** FLOP *** [Kd 2h Qd]
MarKo Rankovic: checks 
TTomi18: bets $0.20
MarKo Rankovic: folds 
Uncalled bet ($0.20) returned to TTomi18
TTomi18 collected $0.31 from pot
TTomi18: doesn't show hand 
*** SUMMARY ***
Total pot $0.32 | Rake $0.01 
Board [Kd 2h Qd]
Seat 1: kevmcginge folded before Flop (didn't bet)
Seat 2: Dorex2007 folded before Flop (didn't bet)
Seat 3: Bossplayer32 folded before Flop (didn't bet)
Seat 4: montreal555 folded before Flop (didn't bet)
Seat 5: TTomi18 collected ($0.31)
Seat 6: sullya (button) folded before Flop (didn't bet)
Seat 7: lucaskissler (small blind) folded before Flop
Seat 8: MarKo Rankovic (big blind) folded on the Flop
Seat 9: Glaucou folded before Flop (didn't bet)



PokerStars Hand #238824138558:  Hold'em No Limit ($0.02/$0.05 USD) - 2022/09/23 18:05:12 PT [2022/09/23 21:05:12 ET]
Table 'Veritas III' 9-max Seat #7 is the button
Seat 1: kevmcginge ($5 in chips) 
Seat 2: Dorex2007 ($6.18 in chips) 
Seat 3: Bossplayer32 ($9.56 in chips) 
Seat 4: montreal555 ($3.95 in chips) 
Seat 5: TTomi18 ($6.24 in chips) 
Seat 6: sullya ($10.47 in chips) 
Seat 7: lucaskissler ($5.63 in chips) 
Seat 8: MarKo Rankovic ($3.72 in chips) 
Seat 9: Glaucou ($5 in chips) 
MarKo Rankovic: posts small blind $0.02
Glaucou: posts big blind $0.05
*** HOLE CARDS ***
Dealt to Dorex2007 [Qh 3c]
kevmcginge: folds 
Dorex2007: folds 
Bossplayer32: folds 
montreal555: folds 
TTomi18: raises $0.10 to $0.15
sullya: folds 
lucaskissler: calls $0.15
MarKo Rankovic: folds 
Glaucou: folds 
*** FLOP *** [2h 2s 5h]
TTomi18: checks 
lucaskissler: checks 
*** TURN *** [2h 2s 5h] [3h]
TTomi18: checks 
lucaskissler: checks 
*** RIVER *** [2h 2s 5h 3h] [4c]
TTomi18: checks 
lucaskissler: bets $0.12
TTomi18: folds 
Uncalled bet ($0.12) returned to lucaskissler
lucaskissler collected $0.35 from pot
lucaskissler: doesn't show hand 
*** SUMMARY ***
Total pot $0.37 | Rake $0.02 
Board [2h 2s 5h 3h 4c]
Seat 1: kevmcginge folded before Flop (didn't bet)
Seat 2: Dorex2007 folded before Flop (didn't bet)
Seat 3: Bossplayer32 folded before Flop (didn't bet)
Seat 4: montreal555 folded before Flop (didn't bet)
Seat 5: TTomi18 folded on the River
Seat 6: sullya folded before Flop (didn't bet)
Seat 7: lucaskissler (button) collected ($0.35)
Seat 8: MarKo Rankovic (small blind) folded before Flop
Seat 9: Glaucou (big blind) folded before Flop



PokerStars Hand #238824147264:  Hold'em No Limit ($0.02/$0.05 USD) - 2022/09/23 18:05:52 PT [2022/09/23 21:05:52 ET]
Table 'Veritas III' 9-max Seat #8 is the button
Seat 1: kevmcginge ($5 in chips) 
Seat 2: Dorex2007 ($6.18 in chips) 
Seat 3: Bossplayer32 ($9.56 in chips) 
Seat 4: montreal555 ($3.95 in chips) 
Seat 5: TTomi18 ($6.09 in chips) 
Seat 6: sullya ($10.47 in chips) 
Seat 7: lucaskissler ($5.83 in chips) 
Seat 8: MarKo Rankovic ($3.70 in chips) 
Seat 9: Glaucou ($5 in chips) 
Glaucou: posts small blind $0.02
kevmcginge: posts big blind $0.05
*** HOLE CARDS ***
Dealt to Dorex2007 [6c 5d]
Dorex2007: folds 
Bossplayer32: folds 
montreal555: folds 
TTomi18: folds 
sullya: folds 
lucaskissler: raises $0.08 to $0.13
MarKo Rankovic: raises $0.28 to $0.41
Glaucou: folds 
kevmcginge: folds 
lucaskissler: folds 
Uncalled bet ($0.28) returned to MarKo Rankovic
MarKo Rankovic collected $0.33 from pot
*** SUMMARY ***
Total pot $0.33 | Rake $0 
Seat 1: kevmcginge (big blind) folded before Flop
Seat 2: Dorex2007 folded before Flop (didn't bet)
Seat 3: Bossplayer32 folded before Flop (didn't bet)
Seat 4: montreal555 folded before Flop (didn't bet)
Seat 5: TTomi18 folded before Flop (didn't bet)
Seat 6: sullya folded before Flop (didn't bet)
Seat 7: lucaskissler folded before Flop
Seat 8: MarKo Rankovic (button) collected ($0.33)
Seat 9: Glaucou (small blind) folded before Flop



PokerStars Hand #238824152270:  Hold'em No Limit ($0.02/$0.05 USD) - 2022/09/23 18:06:15 PT [2022/09/23 21:06:15 ET]
Table 'Veritas III' 9-max Seat #9 is the button
Seat 1: kevmcginge ($4.95 in chips) 
Seat 2: Dorex2007 ($6.18 in chips) 
Seat 3: Bossplayer32 ($9.56 in chips) 
Seat 4: montreal555 ($3.95 in chips) 
Seat 5: TTomi18 ($6.09 in chips) 
Seat 6: sullya ($10.47 in chips) 
Seat 7: lucaskissler ($5.70 in chips) 
Seat 8: MarKo Rankovic ($3.90 in chips) 
Seat 9: Glaucou ($5 in chips) 
kevmcginge: posts small blind $0.02
Dorex2007: posts big blind $0.05
*** HOLE CARDS ***
Dealt to Dorex2007 [9h 6c]
Bossplayer32: folds 
montreal555: folds 
TTomi18: folds 
sullya: raises $0.10 to $0.15
lucaskissler: calls $0.15
MarKo Rankovic: calls $0.15
Glaucou: folds 
kevmcginge: folds 
Dorex2007: folds 
*** FLOP *** [Qh 2h 4c]
sullya: bets $0.20
lucaskissler: folds 
MarKo Rankovic: folds 
Uncalled bet ($0.20) returned to sullya
sullya collected $0.50 from pot
*** SUMMARY ***
Total pot $0.52 | Rake $0.02 
Board [Qh 2h 4c]
Seat 1: kevmcginge (small blind) folded before Flop
Seat 2: Dorex2007 (big blind) folded before Flop
Seat 3: Bossplayer32 folded before Flop (didn't bet)
Seat 4: montreal555 folded before Flop (didn't bet)
Seat 5: TTomi18 folded before Flop (didn't bet)
Seat 6: sullya collected ($0.50)
Seat 7: lucaskissler folded on the Flop
Seat 8: MarKo Rankovic folded on the Flop
Seat 9: Glaucou (button) folded before Flop (didn't bet)



PokerStars Hand #238824160274:  Hold'em No Limit ($0.02/$0.05 USD) - 2022/09/23 18:06:51 PT [2022/09/23 21:06:51 ET]
Table 'Veritas III' 9-max Seat #1 is the button
Seat 1: kevmcginge ($4.93 in chips) 
Seat 2: Dorex2007 ($6.13 in chips) 
Seat 3: Bossplayer32 ($9.56 in chips) 
Seat 4: montreal555 ($3.95 in chips) 
Seat 5: TTomi18 ($6.09 in chips) 
Seat 6: sullya ($10.82 in chips) 
Seat 7: lucaskissler ($5.55 in chips) 
Seat 8: MarKo Rankovic ($3.75 in chips) 
Seat 9: Glaucou ($5 in chips) 
Dorex2007: posts small blind $0.02
Bossplayer32: posts big blind $0.05
*** HOLE CARDS ***
Dealt to Dorex2007 [Jd Ac]
montreal555: calls $0.05
TTomi18: folds 
sullya: folds 
lucaskissler: calls $0.05
MarKo Rankovic: calls $0.05
Glaucou: folds 
kevmcginge: folds 
Dorex2007: calls $0.03
Bossplayer32: checks 
*** FLOP *** [6c As 5c]
Dorex2007: checks 
Bossplayer32: checks 
montreal555: bets $0.10
lucaskissler: folds 
MarKo Rankovic: folds 
Dorex2007: raises $0.19 to $0.29
Bossplayer32: folds 
montreal555: folds 
Uncalled bet ($0.19) returned to Dorex2007
Dorex2007 collected $0.43 from pot
Dorex2007: doesn't show hand 
*** SUMMARY ***
Total pot $0.45 | Rake $0.02 
Board [6c As 5c]
Seat 1: kevmcginge (button) folded before Flop (didn't bet)
Seat 2: Dorex2007 (small blind) collected ($0.43)
Seat 3: Bossplayer32 (big blind) folded on the Flop
Seat 4: montreal555 folded on the Flop
Seat 5: TTomi18 folded before Flop (didn't bet)
Seat 6: sullya folded before Flop (didn't bet)
Seat 7: lucaskissler folded on the Flop
Seat 8: MarKo Rankovic folded on the Flop
Seat 9: Glaucou folded before Flop (didn't bet)



PokerStars Hand #238824170073:  Hold'em No Limit ($0.02/$0.05 USD) - 2022/09/23 18:07:35 PT [2022/09/23 21:07:35 ET]
Table 'Veritas III' 9-max Seat #2 is the button
Seat 1: kevmcginge ($4.93 in chips) 
Seat 2: Dorex2007 ($6.41 in chips) 
Seat 3: Bossplayer32 ($9.51 in chips) 
Seat 4: montreal555 ($3.80 in chips) 
Seat 5: TTomi18 ($6.09 in chips) 
Seat 6: sullya ($10.82 in chips) 
Seat 7: lucaskissler ($5.50 in chips) 
Seat 8: MarKo Rankovic ($3.70 in chips) 
Seat 9: Glaucou ($5 in chips) 
Bossplayer32: posts small blind $0.02
montreal555: posts big blind $0.05
*** HOLE CARDS ***
Dealt to Dorex2007 [9c 8s]
TTomi18: raises $0.10 to $0.15
sullya: folds 
lucaskissler: folds 
MarKo Rankovic: raises $0.20 to $0.35
Glaucou: folds 
kevmcginge: folds 
Dorex2007: folds 
Bossplayer32: folds 
montreal555: folds 
TTomi18: calls $0.20
*** FLOP *** [4c 4d 6c]
TTomi18: checks 
MarKo Rankovic: checks 
*** TURN *** [4c 4d 6c] [Tc]
TTomi18: bets $0.40
MarKo Rankovic: calls $0.40
*** RIVER *** [4c 4d 6c Tc] [8h]
TTomi18: bets $0.75
MarKo Rankovic: calls $0.75
*** SHOW DOWN ***
TTomi18: shows [Th Qh] (two pair, Tens and Fours)
MarKo Rankovic: shows [Td Qd] (two pair, Tens and Fours)
TTomi18 collected $1.47 from pot
MarKo Rankovic collected $1.47 from pot
*** SUMMARY ***
Total pot $3.07 | Rake $0.13 
Board [4c 4d 6c Tc 8h]
Seat 1: kevmcginge folded before Flop (didn't bet)
Seat 2: Dorex2007 (button) folded before Flop (didn't bet)
Seat 3: Bossplayer32 (small blind) folded before Flop
Seat 4: montreal555 (big blind) folded before Flop
Seat 5: TTomi18 showed [Th Qh] and won ($1.47) with two pair, Tens and Fours
Seat 6: sullya folded before Flop (didn't bet)
Seat 7: lucaskissler folded before Flop (didn't bet)
Seat 8: MarKo Rankovic showed [Td Qd] and won ($1.47) with two pair, Tens and Fours
Seat 9: Glaucou folded before Flop (didn't bet)



PokerStars Hand #238824181706:  Hold'em No Limit ($0.02/$0.05 USD) - 2022/09/23 18:08:29 PT [2022/09/23 21:08:29 ET]
Table 'Veritas III' 9-max Seat #3 is the button
Seat 1: kevmcginge ($4.93 in chips) 
Seat 2: Dorex2007 ($6.41 in chips) 
Seat 3: Bossplayer32 ($9.49 in chips) 
Seat 4: montreal555 ($3.75 in chips) 
Seat 5: TTomi18 ($6.06 in chips) 
Seat 6: sullya ($10.82 in chips) 
Seat 7: lucaskissler ($5.50 in chips) 
Seat 8: MarKo Rankovic ($3.67 in chips) 
Seat 9: Glaucou ($5 in chips) 
montreal555: posts small blind $0.02
TTomi18: posts big blind $0.05
*** HOLE CARDS ***
Dealt to Dorex2007 [Kc 2h]
sullya: folds 
lucaskissler: folds 
MarKo Rankovic: folds 
Glaucou: folds 
kevmcginge: calls $0.05
Dorex2007: folds 
Bossplayer32: calls $0.05
montreal555: folds 
TTomi18: checks 
*** FLOP *** [As 5h 4d]
TTomi18: checks 
kevmcginge: bets $0.08
Bossplayer32: raises $0.16 to $0.24
TTomi18: folds 
kevmcginge: folds 
Uncalled bet ($0.16) returned to Bossplayer32
Bossplayer32 collected $0.32 from pot
Bossplayer32: doesn't show hand 
*** SUMMARY ***
Total pot $0.33 | Rake $0.01 
Board [As 5h 4d]
Seat 1: kevmcginge folded on the Flop
Seat 2: Dorex2007 folded before Flop (didn't bet)
Seat 3: Bossplayer32 (button) collected ($0.32)
Seat 4: montreal555 (small blind) folded before Flop
Seat 5: TTomi18 (big blind) folded on the Flop
Seat 6: sullya folded before Flop (didn't bet)
Seat 7: lucaskissler folded before Flop (didn't bet)
Seat 8: MarKo Rankovic folded before Flop (didn't bet)
Seat 9: Glaucou folded before Flop (didn't bet)



PokerStars Hand #238824189017:  Hold'em No Limit ($0.02/$0.05 USD) - 2022/09/23 18:09:02 PT [2022/09/23 21:09:02 ET]
Table 'Veritas III' 9-max Seat #4 is the button
Seat 1: kevmcginge ($4.80 in chips) 
Seat 2: Dorex2007 ($6.41 in chips) 
Seat 3: Bossplayer32 ($9.68 in chips) 
Seat 4: montreal555 ($3.73 in chips) 
Seat 5: TTomi18 ($6.01 in chips) 
Seat 6: sullya ($10.82 in chips) 
Seat 7: lucaskissler ($5.50 in chips) 
Seat 8: MarKo Rankovic ($3.67 in chips) 
Seat 9: Glaucou ($5 in chips) 
TTomi18: posts small blind $0.02
sullya: posts big blind $0.05
*** HOLE CARDS ***
Dealt to Dorex2007 [7c 6c]
lucaskissler: folds 
MarKo Rankovic: folds 
Glaucou: folds 
kevmcginge: raises $0.10 to $0.15
Dorex2007: folds 
Bossplayer32: folds 
montreal555: folds 
TTomi18: folds 
sullya: calls $0.10
*** FLOP *** [9c Jc Kd]
sullya: checks 
kevmcginge: checks 
*** TURN *** [9c Jc Kd] [Kh]
sullya: bets $0.15
kevmcginge: folds 
Uncalled bet ($0.15) returned to sullya
sullya collected $0.31 from pot
*** SUMMARY ***
Total pot $0.32 | Rake $0.01 
Board [9c Jc Kd Kh]
Seat 1: kevmcginge folded on the Turn
Seat 2: Dorex2007 folded before Flop (didn't bet)
Seat 3: Bossplayer32 folded before Flop (didn't bet)
Seat 4: montreal555 (button) folded before Flop (didn't bet)
Seat 5: TTomi18 (small blind) folded before Flop
Seat 6: sullya (big blind) collected ($0.31)
Seat 7: lucaskissler folded before Flop (didn't bet)
Seat 8: MarKo Rankovic folded before Flop (didn't bet)
Seat 9: Glaucou folded before Flop (didn't bet)



PokerStars Hand #238824196099:  Hold'em No Limit ($0.02/$0.05 USD) - 2022/09/23 18:09:35 PT [2022/09/23 21:09:35 ET]
Table 'Veritas III' 9-max Seat #5 is the button
Seat 1: kevmcginge ($4.65 in chips) 
Seat 2: Dorex2007 ($6.41 in chips) 
Seat 3: Bossplayer32 ($9.68 in chips) 
Seat 4: montreal555 ($3.73 in chips) 
Seat 5: TTomi18 ($5.99 in chips) 
Seat 6: sullya ($10.98 in chips) 
Seat 7: lucaskissler ($5.50 in chips) 
Seat 8: MarKo Rankovic ($3.67 in chips) 
Seat 9: Glaucou ($5 in chips) 
sullya: posts small blind $0.02
lucaskissler: posts big blind $0.05
*** HOLE CARDS ***
Dealt to Dorex2007 [Ac Td]
MarKo Rankovic: folds 
Glaucou: folds 
kevmcginge: folds 
Dorex2007: raises $0.10 to $0.15
Bossplayer32: folds 
montreal555: folds 
TTomi18: raises $0.37 to $0.52
sullya: folds 
lucaskissler: folds 
Dorex2007: folds 
Uncalled bet ($0.37) returned to TTomi18
TTomi18 collected $0.37 from pot
TTomi18: doesn't show hand 
*** SUMMARY ***
Total pot $0.37 | Rake $0 
Seat 1: kevmcginge folded before Flop (didn't bet)
Seat 2: Dorex2007 folded before Flop
Seat 3: Bossplayer32 folded before Flop (didn't bet)
Seat 4: montreal555 folded before Flop (didn't bet)
Seat 5: TTomi18 (button) collected ($0.37)
Seat 6: sullya (small blind) folded before Flop
Seat 7: lucaskissler (big blind) folded before Flop
Seat 8: MarKo Rankovic folded before Flop (didn't bet)
Seat 9: Glaucou folded before Flop (didn't bet)



PokerStars Hand #238824200444:  Hold'em No Limit ($0.02/$0.05 USD) - 2022/09/23 18:09:55 PT [2022/09/23 21:09:55 ET]
Table 'Veritas III' 9-max Seat #6 is the button
Seat 1: kevmcginge ($4.65 in chips) 
Seat 2: Dorex2007 ($6.26 in chips) 
Seat 3: Bossplayer32 ($9.68 in chips) 
Seat 4: montreal555 ($3.73 in chips) 
Seat 5: TTomi18 ($6.21 in chips) 
Seat 6: sullya ($10.96 in chips) 
Seat 7: lucaskissler ($5.45 in chips) 
Seat 8: MarKo Rankovic ($3.67 in chips) 
Seat 9: Glaucou ($5 in chips) 
lucaskissler: posts small blind $0.02
MarKo Rankovic: posts big blind $0.05
*** HOLE CARDS ***
Dealt to Dorex2007 [Jd 2d]
Glaucou: folds 
kevmcginge: folds 
Dorex2007: folds 
Bossplayer32: raises $0.10 to $0.15
montreal555: folds 
TTomi18: folds 
sullya: calls $0.15
lucaskissler: folds 
MarKo Rankovic: raises $0.50 to $0.65
Bossplayer32: folds 
sullya: folds 
Uncalled bet ($0.50) returned to MarKo Rankovic
MarKo Rankovic collected $0.47 from pot
*** SUMMARY ***
Total pot $0.47 | Rake $0 
Seat 1: kevmcginge folded before Flop (didn't bet)
Seat 2: Dorex2007 folded before Flop (didn't bet)
Seat 3: Bossplayer32 folded before Flop
Seat 4: montreal555 folded before Flop (didn't bet)
Seat 5: TTomi18 folded before Flop (didn't bet)
Seat 6: sullya (button) folded before Flop
Seat 7: lucaskissler (small blind) folded before Flop
Seat 8: MarKo Rankovic (big blind) collected ($0.47)
Seat 9: Glaucou folded before Flop (didn't bet)



PokerStars Hand #238824205960:  Hold'em No Limit ($0.02/$0.05 USD) - 2022/09/23 18:10:20 PT [2022/09/23 21:10:20 ET]
Table 'Veritas III' 9-max Seat #7 is the button
Seat 1: kevmcginge ($4.65 in chips) 
Seat 2: Dorex2007 ($6.26 in chips) 
Seat 3: Bossplayer32 ($9.53 in chips) 
Seat 4: montreal555 ($3.73 in chips) 
Seat 5: TTomi18 ($6.21 in chips) 
Seat 6: sullya ($10.81 in chips) 
Seat 7: lucaskissler ($5.43 in chips) 
Seat 8: MarKo Rankovic ($3.99 in chips) 
Seat 9: Glaucou ($5 in chips) 
MarKo Rankovic: posts small blind $0.02
Glaucou: posts big blind $0.05
*** HOLE CARDS ***
Dealt to Dorex2007 [Kh 7h]
kevmcginge: folds 
Dorex2007: folds 
Bossplayer32: raises $0.10 to $0.15
montreal555: folds 
TTomi18: calls $0.15
sullya: folds 
lucaskissler: folds 
MarKo Rankovic: calls $0.13
Glaucou: raises $0.75 to $0.90
Bossplayer32: calls $0.75
TTomi18: folds 
MarKo Rankovic: calls $0.75
*** FLOP *** [4d 4c 6d]
MarKo Rankovic: checks 
Glaucou: bets $1.37
Bossplayer32: folds 
MarKo Rankovic: folds 
Uncalled bet ($1.37) returned to Glaucou
Glaucou collected $2.73 from pot
Glaucou: doesn't show hand 
*** SUMMARY ***
Total pot $2.85 | Rake $0.12 
Board [4d 4c 6d]
Seat 1: kevmcginge folded before Flop (didn't bet)
Seat 2: Dorex2007 folded before Flop (didn't bet)
Seat 3: Bossplayer32 folded on the Flop
Seat 4: montreal555 folded before Flop (didn't bet)
Seat 5: TTomi18 folded before Flop
Seat 6: sullya folded before Flop (didn't bet)
Seat 7: lucaskissler (button) folded before Flop (didn't bet)
Seat 8: MarKo Rankovic (small blind) folded on the Flop
Seat 9: Glaucou (big blind) collected ($2.73)



PokerStars Hand #238824216371:  Hold'em No Limit ($0.02/$0.05 USD) - 2022/09/23 18:11:08 PT [2022/09/23 21:11:08 ET]
Table 'Veritas III' 9-max Seat #8 is the button
Seat 1: kevmcginge ($4.65 in chips) 
Seat 2: Dorex2007 ($6.26 in chips) 
Seat 3: Bossplayer32 ($8.63 in chips) 
Seat 4: montreal555 ($3.73 in chips) 
Seat 5: TTomi18 ($6.06 in chips) 
Seat 6: sullya ($10.81 in chips) 
Seat 7: lucaskissler ($5.43 in chips) 
Seat 8: MarKo Rankovic ($3.09 in chips) 
Seat 9: Glaucou ($6.83 in chips) 
Glaucou: posts small blind $0.02
kevmcginge: posts big blind $0.05
*** HOLE CARDS ***
Dealt to Dorex2007 [6c Ts]
Dorex2007: folds 
Bossplayer32: raises $0.10 to $0.15
montreal555: folds 
TTomi18: folds 
TTomi18 leaves the table
sullya: folds 
lucaskissler: folds 
MarKo Rankovic: folds 
Glaucou: folds 
kevmcginge: folds 
Uncalled bet ($0.10) returned to Bossplayer32
Bossplayer32 collected $0.12 from pot
Bossplayer32: doesn't show hand 
*** SUMMARY ***
Total pot $0.12 | Rake $0 
Seat 1: kevmcginge (big blind) folded before Flop
Seat 2: Dorex2007 folded before Flop (didn't bet)
Seat 3: Bossplayer32 collected ($0.12)
Seat 4: montreal555 folded before Flop (didn't bet)
Seat 5: TTomi18 folded before Flop (didn't bet)
Seat 6: sullya folded before Flop (didn't bet)
Seat 7: lucaskissler folded before Flop (didn't bet)
Seat 8: MarKo Rankovic (button) folded before Flop (didn't bet)
Seat 9: Glaucou (small blind) folded before Flop



PokerStars Hand #238824223207:  Hold'em No Limit ($0.02/$0.05 USD) - 2022/09/23 18:11:40 PT [2022/09/23 21:11:40 ET]
Table 'Veritas III' 9-max Seat #9 is the button
Seat 1: kevmcginge ($5 in chips) 
Seat 2: Dorex2007 ($6.26 in chips) 
Seat 3: Bossplayer32 ($8.70 in chips) 
Seat 4: montreal555 ($3.73 in chips) 
Seat 6: sullya ($10.81 in chips) 
Seat 7: lucaskissler ($5.43 in chips) 
Seat 8: MarKo Rankovic ($3.09 in chips) 
Seat 9: Glaucou ($6.81 in chips) 
kevmcginge: posts small blind $0.02
Dorex2007: posts big blind $0.05
*** HOLE CARDS ***
Dealt to Dorex2007 [8d 5c]
Bossplayer32: raises $0.10 to $0.15
montreal555: calls $0.15
sullya: folds 
lucaskissler: folds 
MarKo Rankovic: folds 
Glaucou: folds 
kevmcginge: raises $0.45 to $0.60
Dorex2007: folds 
Bossplayer32: raises $8.10 to $8.70 and is all-in
montreal555: folds 
kevmcginge: calls $4.40 and is all-in
Uncalled bet ($3.70) returned to Bossplayer32
*** FLOP *** [3d 4s 4h]
*** TURN *** [3d 4s 4h] [Ts]
*** RIVER *** [3d 4s 4h Ts] [8s]
*** SHOW DOWN ***
kevmcginge: shows [Ac Ad] (two pair, Aces and Fours)
Bossplayer32: shows [Kh Kc] (two pair, Kings and Fours)
kevmcginge collected $9.78 from pot
*** SUMMARY ***
Total pot $10.20 | Rake $0.42 
Board [3d 4s 4h Ts 8s]
Seat 1: kevmcginge (small blind) showed [Ac Ad] and won ($9.78) with two pair, Aces and Fours
Seat 2: Dorex2007 (big blind) folded before Flop
Seat 3: Bossplayer32 showed [Kh Kc] and lost with two pair, Kings and Fours
Seat 4: montreal555 folded before Flop
Seat 6: sullya folded before Flop (didn't bet)
Seat 7: lucaskissler folded before Flop (didn't bet)
Seat 8: MarKo Rankovic folded before Flop (didn't bet)
Seat 9: Glaucou (button) folded before Flop (didn't bet)



PokerStars Hand #238824233160:  Hold'em No Limit ($0.02/$0.05 USD) - 2022/09/23 18:12:27 PT [2022/09/23 21:12:27 ET]
Table 'Veritas III' 9-max Seat #1 is the button
Seat 1: kevmcginge ($9.78 in chips) 
Seat 2: Dorex2007 ($6.21 in chips) 
Seat 3: Bossplayer32 ($5 in chips) 
Seat 4: montreal555 ($3.58 in chips) 
Seat 6: sullya ($10.81 in chips) 
Seat 7: lucaskissler ($5.43 in chips) 
Seat 8: MarKo Rankovic ($3.09 in chips) 
Seat 9: Glaucou ($6.81 in chips) 
Dorex2007: posts small blind $0.02
Bossplayer32: posts big blind $0.05
*** HOLE CARDS ***
Dealt to Dorex2007 [Tc Qs]
montreal555: folds 
sullya: folds 
lucaskissler: raises $0.08 to $0.13
MarKo Rankovic: calls $0.13
Glaucou: folds 
kevmcginge: folds 
Dorex2007: folds 
Bossplayer32: folds 
*** FLOP *** [8s 6h 6s]
vasko55555 joins the table at seat #5 
lucaskissler: checks 
MarKo Rankovic: checks 
*** TURN *** [8s 6h 6s] [Jc]
lucaskissler: checks 
MarKo Rankovic: checks 
*** RIVER *** [8s 6h 6s Jc] [Js]
lucaskissler: checks 
MarKo Rankovic: bets $0.16
lucaskissler: folds 
Uncalled bet ($0.16) returned to MarKo Rankovic
MarKo Rankovic collected $0.32 from pot
*** SUMMARY ***
Total pot $0.33 | Rake $0.01 
Board [8s 6h 6s Jc Js]
Seat 1: kevmcginge (button) folded before Flop (didn't bet)
Seat 2: Dorex2007 (small blind) folded before Flop
Seat 3: Bossplayer32 (big blind) folded before Flop
Seat 4: montreal555 folded before Flop (didn't bet)
Seat 6: sullya folded before Flop (didn't bet)
Seat 7: lucaskissler folded on the River
Seat 8: MarKo Rankovic collected ($0.32)
Seat 9: Glaucou folded before Flop (didn't bet)



PokerStars Hand #238824241319:  Hold'em No Limit ($0.02/$0.05 USD) - 2022/09/23 18:13:05 PT [2022/09/23 21:13:05 ET]
Table 'Veritas III' 9-max Seat #2 is the button
Seat 1: kevmcginge ($9.78 in chips) 
Seat 2: Dorex2007 ($6.19 in chips) 
Seat 3: Bossplayer32 ($5 in chips) 
Seat 4: montreal555 ($3.58 in chips) 
Seat 6: sullya ($10.81 in chips) 
Seat 7: lucaskissler ($5.30 in chips) 
Seat 8: MarKo Rankovic ($3.28 in chips) 
Seat 9: Glaucou ($6.81 in chips) 
Bossplayer32: posts small blind $0.02
montreal555: posts big blind $0.05
vasko55555: sits out 
*** HOLE CARDS ***
Dealt to Dorex2007 [Ts 5c]
sullya has timed out
sullya: folds 
lucaskissler: folds 
MarKo Rankovic: raises $0.05 to $0.10
Glaucou: folds 
kevmcginge: folds 
Dorex2007: folds 
Bossplayer32: raises $0.25 to $0.35
montreal555: folds 
MarKo Rankovic: calls $0.25
*** FLOP *** [Ad 6h 7s]
Bossplayer32: checks 
MarKo Rankovic: checks 
*** TURN *** [Ad 6h 7s] [Js]
Bossplayer32: bets $0.36
MarKo Rankovic: folds 
Uncalled bet ($0.36) returned to Bossplayer32
Bossplayer32 collected $0.72 from pot
Bossplayer32: doesn't show hand 
*** SUMMARY ***
Total pot $0.75 | Rake $0.03 
Board [Ad 6h 7s Js]
Seat 1: kevmcginge folded before Flop (didn't bet)
Seat 2: Dorex2007 (button) folded before Flop (didn't bet)
Seat 3: Bossplayer32 (small blind) collected ($0.72)
Seat 4: montreal555 (big blind) folded before Flop
Seat 6: sullya folded before Flop (didn't bet)
Seat 7: lucaskissler folded before Flop (didn't bet)
Seat 8: MarKo Rankovic folded on the Turn
Seat 9: Glaucou folded before Flop (didn't bet)



PokerStars Hand #238824251227:  Hold'em No Limit ($0.02/$0.05 USD) - 2022/09/23 18:13:51 PT [2022/09/23 21:13:51 ET]
Table 'Veritas III' 9-max Seat #3 is the button
Seat 1: kevmcginge ($9.78 in chips) 
Seat 2: Dorex2007 ($6.19 in chips) 
Seat 3: Bossplayer32 ($5.37 in chips) 
Seat 4: montreal555 ($3.53 in chips) 
Seat 5: vasko55555 ($2 in chips) 
Seat 6: sullya ($10.81 in chips) 
Seat 7: lucaskissler ($5.30 in chips) 
Seat 8: MarKo Rankovic ($2.93 in chips) 
Seat 9: Glaucou ($6.81 in chips) 
montreal555: posts small blind $0.02
vasko55555: posts big blind $0.05
*** HOLE CARDS ***
Dealt to Dorex2007 [2h 5c]
sullya: raises $0.10 to $0.15
lucaskissler: folds 
MarKo Rankovic: folds 
Glaucou: folds 
kevmcginge: folds 
Dorex2007: folds 
Bossplayer32: folds 
montreal555: folds 
vasko55555: folds 
Uncalled bet ($0.10) returned to sullya
Bossplayer32 leaves the table
sullya collected $0.12 from pot
*** SUMMARY ***
Total pot $0.12 | Rake $0 
Seat 1: kevmcginge folded before Flop (didn't bet)
Seat 2: Dorex2007 folded before Flop (didn't bet)
Seat 3: Bossplayer32 (button) folded before Flop (didn't bet)
Seat 4: montreal555 (small blind) folded before Flop
Seat 5: vasko55555 (big blind) folded before Flop
Seat 6: sullya collected ($0.12)
Seat 7: lucaskissler folded before Flop (didn't bet)
Seat 8: MarKo Rankovic folded before Flop (didn't bet)
Seat 9: Glaucou folded before Flop (didn't bet)



PokerStars Hand #238824255009:  Hold'em No Limit ($0.02/$0.05 USD) - 2022/09/23 18:14:09 PT [2022/09/23 21:14:09 ET]
Table 'Veritas III' 9-max Seat #4 is the button
Seat 1: kevmcginge ($9.78 in chips) 
Seat 2: Dorex2007 ($6.19 in chips) 
Seat 4: montreal555 ($3.51 in chips) 
Seat 5: vasko55555 ($1.95 in chips) 
Seat 6: sullya ($10.88 in chips) 
Seat 7: lucaskissler ($5.30 in chips) 
Seat 8: MarKo Rankovic ($2.93 in chips) 
Seat 9: Glaucou ($6.81 in chips) 
vasko55555: posts small blind $0.02
sullya: posts big blind $0.05
*** HOLE CARDS ***
Dealt to Dorex2007 [6s Tc]
lucaskissler: raises $0.08 to $0.13
MarKo Rankovic: calls $0.13
Glaucou: folds 
kevmcginge: folds 
Dorex2007: folds 
montreal555: calls $0.13
vasko55555: raises $0.12 to $0.25
sullya: folds 
iglesias150 joins the table at seat #3 
lucaskissler: calls $0.12
MarKo Rankovic: calls $0.12
montreal555: calls $0.12
*** FLOP *** [Qd Ad 3s]
vasko55555: bets $0.40
lucaskissler: folds 
MarKo Rankovic: folds 
montreal555: folds 
Uncalled bet ($0.40) returned to vasko55555
vasko55555 collected $1.01 from pot
vasko55555: doesn't show hand 
*** SUMMARY ***
Total pot $1.05 | Rake $0.04 
Board [Qd Ad 3s]
Seat 1: kevmcginge folded before Flop (didn't bet)
Seat 2: Dorex2007 folded before Flop (didn't bet)
Seat 4: montreal555 (button) folded on the Flop
Seat 5: vasko55555 (small blind) collected ($1.01)
Seat 6: sullya (big blind) folded before Flop
Seat 7: lucaskissler folded on the Flop
Seat 8: MarKo Rankovic folded on the Flop
Seat 9: Glaucou folded before Flop (didn't bet)



PokerStars Hand #238824266714:  Hold'em No Limit ($0.02/$0.05 USD) - 2022/09/23 18:15:04 PT [2022/09/23 21:15:04 ET]
Table 'Veritas III' 9-max Seat #5 is the button
Seat 1: kevmcginge ($9.78 in chips) 
Seat 2: Dorex2007 ($6.19 in chips) 
Seat 3: iglesias150 ($4 in chips) 
Seat 4: montreal555 ($3.26 in chips) 
Seat 5: vasko55555 ($2.71 in chips) 
Seat 6: sullya ($10.83 in chips) 
Seat 7: lucaskissler ($5.05 in chips) 
Seat 8: MarKo Rankovic ($2.68 in chips) 
Seat 9: Glaucou ($6.81 in chips) 
sullya: posts small blind $0.02
lucaskissler: posts big blind $0.05
iglesias150: posts big blind $0.05
*** HOLE CARDS ***
Dealt to Dorex2007 [9d As]
MarKo Rankovic: folds 
Glaucou: folds 
kevmcginge: folds 
Dorex2007: folds 
iglesias150: raises $0.10 to $0.15
montreal555: folds 
vasko55555: calls $0.15
sullya: folds 
lucaskissler: calls $0.10
*** FLOP *** [Kd 6d 2h]
lucaskissler: checks 
iglesias150: checks 
vasko55555: bets $0.10
lucaskissler: folds 
iglesias150: raises $0.33 to $0.43
vasko55555: folds 
Uncalled bet ($0.33) returned to iglesias150
iglesias150 collected $0.64 from pot
*** SUMMARY ***
Total pot $0.67 | Rake $0.03 
Board [Kd 6d 2h]
Seat 1: kevmcginge folded before Flop (didn't bet)
Seat 2: Dorex2007 folded before Flop (didn't bet)
Seat 3: iglesias150 collected ($0.64)
Seat 4: montreal555 folded before Flop (didn't bet)
Seat 5: vasko55555 (button) folded on the Flop
Seat 6: sullya (small blind) folded before Flop
Seat 7: lucaskissler (big blind) folded on the Flop
Seat 8: MarKo Rankovic folded before Flop (didn't bet)
Seat 9: Glaucou folded before Flop (didn't bet)



PokerStars Hand #238824279032:  Hold'em No Limit ($0.02/$0.05 USD) - 2022/09/23 18:16:02 PT [2022/09/23 21:16:02 ET]
Table 'Veritas III' 9-max Seat #6 is the button
Seat 1: kevmcginge ($9.78 in chips) 
Seat 2: Dorex2007 ($6.19 in chips) 
Seat 3: iglesias150 ($4.39 in chips) 
Seat 4: montreal555 ($3.26 in chips) 
Seat 5: vasko55555 ($2.46 in chips) 
Seat 6: sullya ($10.81 in chips) 
Seat 7: lucaskissler ($5 in chips) 
Seat 8: MarKo Rankovic ($2.68 in chips) 
Seat 9: Glaucou ($6.81 in chips) 
lucaskissler: posts small blind $0.02
MarKo Rankovic: posts big blind $0.05
*** HOLE CARDS ***
Dealt to Dorex2007 [9d Ad]
Glaucou: folds 
kevmcginge: folds 
Dorex2007: raises $0.05 to $0.10
iglesias150: folds 
montreal555: folds 
vasko55555: folds 
sullya: folds 
lucaskissler: folds 
MarKo Rankovic: folds 
Uncalled bet ($0.05) returned to Dorex2007
Dorex2007 collected $0.12 from pot
Dorex2007: doesn't show hand 
*** SUMMARY ***
Total pot $0.12 | Rake $0 
Seat 1: kevmcginge folded before Flop (didn't bet)
Seat 2: Dorex2007 collected ($0.12)
Seat 3: iglesias150 folded before Flop (didn't bet)
Seat 4: montreal555 folded before Flop (didn't bet)
Seat 5: vasko55555 folded before Flop (didn't bet)
Seat 6: sullya (button) folded before Flop (didn't bet)
Seat 7: lucaskissler (small blind) folded before Flop
Seat 8: MarKo Rankovic (big blind) folded before Flop
Seat 9: Glaucou folded before Flop (didn't bet)



PokerStars Hand #238824281890:  Hold'em No Limit ($0.02/$0.05 USD) - 2022/09/23 18:16:15 PT [2022/09/23 21:16:15 ET]
Table 'Veritas III' 9-max Seat #7 is the button
Seat 1: kevmcginge ($9.78 in chips) 
Seat 2: Dorex2007 ($6.26 in chips) 
Seat 3: iglesias150 ($4.39 in chips) 
Seat 4: montreal555 ($3.26 in chips) 
Seat 5: vasko55555 ($2.46 in chips) 
Seat 6: sullya ($10.81 in chips) 
Seat 7: lucaskissler ($5 in chips) 
Seat 8: MarKo Rankovic ($2.63 in chips) 
Seat 9: Glaucou ($6.81 in chips) 
MarKo Rankovic: posts small blind $0.02
Glaucou: posts big blind $0.05
*** HOLE CARDS ***
Dealt to Dorex2007 [Kc 6h]
kevmcginge: raises $0.10 to $0.15
Dorex2007: folds 
iglesias150: calls $0.15
montreal555: folds 
vasko55555: folds 
sullya: folds 
lucaskissler: folds 
MarKo Rankovic: folds 
Glaucou: folds 
*** FLOP *** [5d 4d Jh]
kevmcginge: checks 
iglesias150: bets $0.17
kevmcginge: calls $0.17
*** TURN *** [5d 4d Jh] [Jd]
kevmcginge: checks 
iglesias150: bets $0.34
kevmcginge: calls $0.34
*** RIVER *** [5d 4d Jh Jd] [8d]
kevmcginge: checks 
iglesias150: checks 
*** SHOW DOWN ***
kevmcginge: shows [Ac Qc] (a pair of Jacks)
iglesias150: shows [Qd 9d] (a flush, Queen high)
iglesias150 collected $1.33 from pot
*** SUMMARY ***
Total pot $1.39 | Rake $0.06 
Board [5d 4d Jh Jd 8d]
Seat 1: kevmcginge showed [Ac Qc] and lost with a pair of Jacks
Seat 2: Dorex2007 folded before Flop (didn't bet)
Seat 3: iglesias150 showed [Qd 9d] and won ($1.33) with a flush, Queen high
Seat 4: montreal555 folded before Flop (didn't bet)
Seat 5: vasko55555 folded before Flop (didn't bet)
Seat 6: sullya folded before Flop (didn't bet)
Seat 7: lucaskissler (button) folded before Flop (didn't bet)
Seat 8: MarKo Rankovic (small blind) folded before Flop
Seat 9: Glaucou (big blind) folded before Flop



PokerStars Hand #238824290831:  Hold'em No Limit ($0.02/$0.05 USD) - 2022/09/23 18:16:58 PT [2022/09/23 21:16:58 ET]
Table 'Veritas III' 9-max Seat #8 is the button
Seat 1: kevmcginge ($9.12 in chips) 
Seat 2: Dorex2007 ($6.26 in chips) 
Seat 3: iglesias150 ($5.06 in chips) 
Seat 4: montreal555 ($3.26 in chips) 
Seat 5: vasko55555 ($2.46 in chips) 
Seat 6: sullya ($10.81 in chips) 
Seat 7: lucaskissler ($5 in chips) 
Seat 8: MarKo Rankovic ($2.61 in chips) 
Seat 9: Glaucou ($6.76 in chips) 
Glaucou: posts small blind $0.02
kevmcginge: posts big blind $0.05
*** HOLE CARDS ***
Dealt to Dorex2007 [4h Ah]
Dorex2007: folds 
iglesias150: raises $0.10 to $0.15
montreal555: folds 
vasko55555: folds 
sullya: folds 
lucaskissler: folds 
MarKo Rankovic: raises $0.25 to $0.40
Glaucou: folds 
kevmcginge: folds 
iglesias150: raises $4.66 to $5.06 and is all-in
MarKo Rankovic: calls $2.21 and is all-in
Uncalled bet ($2.45) returned to iglesias150
*** FLOP *** [Td 4c Qs]
*** TURN *** [Td 4c Qs] [3c]
*** RIVER *** [Td 4c Qs 3c] [9c]
*** SHOW DOWN ***
iglesias150: shows [Ac Kh] (high card Ace)
MarKo Rankovic: shows [9d 9s] (three of a kind, Nines)
MarKo Rankovic collected $5.07 from pot
*** SUMMARY ***
Total pot $5.29 | Rake $0.22 
Board [Td 4c Qs 3c 9c]
Seat 1: kevmcginge (big blind) folded before Flop
Seat 2: Dorex2007 folded before Flop (didn't bet)
Seat 3: iglesias150 showed [Ac Kh] and lost with high card Ace
Seat 4: montreal555 folded before Flop (didn't bet)
Seat 5: vasko55555 folded before Flop (didn't bet)
Seat 6: sullya folded before Flop (didn't bet)
Seat 7: lucaskissler folded before Flop (didn't bet)
Seat 8: MarKo Rankovic (button) showed [9d 9s] and won ($5.07) with three of a kind, Nines
Seat 9: Glaucou (small blind) folded before Flop



PokerStars Hand #238824297950:  Hold'em No Limit ($0.02/$0.05 USD) - 2022/09/23 18:17:32 PT [2022/09/23 21:17:32 ET]
Table 'Veritas III' 9-max Seat #9 is the button
Seat 1: kevmcginge ($9.07 in chips) 
Seat 2: Dorex2007 ($6.26 in chips) 
Seat 3: iglesias150 ($2.45 in chips) 
Seat 4: montreal555 ($3.26 in chips) 
Seat 5: vasko55555 ($2.46 in chips) 
Seat 6: sullya ($10.81 in chips) 
Seat 7: lucaskissler ($5 in chips) 
Seat 8: MarKo Rankovic ($5.07 in chips) 
Seat 9: Glaucou ($6.74 in chips) 
kevmcginge: posts small blind $0.02
Dorex2007: posts big blind $0.05
*** HOLE CARDS ***
Dealt to Dorex2007 [2d 7d]
iglesias150: folds 
montreal555: calls $0.05
vasko55555: folds 
sullya: folds 
lucaskissler is disconnected 
lucaskissler is connected 
lucaskissler: folds 
MarKo Rankovic: folds 
Glaucou: folds 
kevmcginge: folds 
Dorex2007: checks 
*** FLOP *** [7h Qd 4c]
Dorex2007: checks 
montreal555: bets $0.12
Dorex2007: calls $0.12
*** TURN *** [7h Qd 4c] [5s]
Dorex2007: checks 
montreal555: bets $0.35
Dorex2007: folds 
Uncalled bet ($0.35) returned to montreal555
montreal555 collected $0.35 from pot
*** SUMMARY ***
Total pot $0.36 | Rake $0.01 
Board [7h Qd 4c 5s]
Seat 1: kevmcginge (small blind) folded before Flop
Seat 2: Dorex2007 (big blind) folded on the Turn
Seat 3: iglesias150 folded before Flop (didn't bet)
Seat 4: montreal555 collected ($0.35)
Seat 5: vasko55555 folded before Flop (didn't bet)
Seat 6: sullya folded before Flop (didn't bet)
Seat 7: lucaskissler folded before Flop (didn't bet)
Seat 8: MarKo Rankovic folded before Flop (didn't bet)
Seat 9: Glaucou (button) folded before Flop (didn't bet)



PokerStars Hand #238824309012:  Hold'em No Limit ($0.02/$0.05 USD) - 2022/09/23 18:18:25 PT [2022/09/23 21:18:25 ET]
Table 'Veritas III' 9-max Seat #1 is the button
Seat 1: kevmcginge ($9.05 in chips) 
Seat 2: Dorex2007 ($6.09 in chips) 
Seat 3: iglesias150 ($3.45 in chips) 
Seat 4: montreal555 ($3.44 in chips) 
Seat 5: vasko55555 ($2.46 in chips) 
Seat 6: sullya ($10.81 in chips) 
Seat 7: lucaskissler ($5 in chips) 
Seat 8: MarKo Rankovic ($5.07 in chips) 
Seat 9: Glaucou ($6.74 in chips) 
Dorex2007: posts small blind $0.02
iglesias150: posts big blind $0.05
*** HOLE CARDS ***
Dealt to Dorex2007 [Td Th]
montreal555: folds 
vasko55555: folds 
sullya: folds 
lucaskissler: folds 
MarKo Rankovic: raises $0.10 to $0.15
Glaucou: folds 
kevmcginge: folds 
Dorex2007: raises $0.35 to $0.50
iglesias150: folds 
MarKo Rankovic: calls $0.35
*** FLOP *** [5c 8h 5s]
Dorex2007: bets $5.59 and is all-in
MarKo Rankovic: folds 
Uncalled bet ($5.59) returned to Dorex2007
Dorex2007 collected $1.01 from pot
Dorex2007: doesn't show hand 
*** SUMMARY ***
Total pot $1.05 | Rake $0.04 
Board [5c 8h 5s]
Seat 1: kevmcginge (button) folded before Flop (didn't bet)
Seat 2: Dorex2007 (small blind) collected ($1.01)
Seat 3: iglesias150 (big blind) folded before Flop
Seat 4: montreal555 folded before Flop (didn't bet)
Seat 5: vasko55555 folded before Flop (didn't bet)
Seat 6: sullya folded before Flop (didn't bet)
Seat 7: lucaskissler folded before Flop (didn't bet)
Seat 8: MarKo Rankovic folded on the Flop
Seat 9: Glaucou folded before Flop (didn't bet)



PokerStars Hand #238824318703:  Hold'em No Limit ($0.02/$0.05 USD) - 2022/09/23 18:19:11 PT [2022/09/23 21:19:11 ET]
Table 'Veritas III' 9-max Seat #2 is the button
Seat 1: kevmcginge ($9.05 in chips) 
Seat 2: Dorex2007 ($6.60 in chips) 
Seat 3: iglesias150 ($3.40 in chips) 
Seat 5: vasko55555 ($2.46 in chips) 
Seat 6: sullya ($10.81 in chips) 
Seat 7: lucaskissler ($5 in chips) 
Seat 8: MarKo Rankovic ($4.57 in chips) 
Seat 9: Glaucou ($6.74 in chips) 
iglesias150: posts small blind $0.02
montreal555: is sitting out 
vasko55555: posts big blind $0.05
*** HOLE CARDS ***
Dealt to Dorex2007 [5h 2h]
sullya: folds 
lucaskissler: raises $0.08 to $0.13
MarKo Rankovic: calls $0.13
Glaucou: folds 
kevmcginge: folds 
Dorex2007: folds 
iglesias150: raises $0.44 to $0.57
vasko55555: folds 
lucaskissler: folds 
MarKo Rankovic: calls $0.44
*** FLOP *** [6d As Qc]
iglesias150: checks 
MarKo Rankovic: bets $0.63
iglesias150 is disconnected 
iglesias150 is connected 
iglesias150 is disconnected 
iglesias150 is connected 
iglesias150: folds 
Uncalled bet ($0.63) returned to MarKo Rankovic
MarKo Rankovic collected $1.27 from pot
*** SUMMARY ***
Total pot $1.32 | Rake $0.05 
Board [6d As Qc]
Seat 1: kevmcginge folded before Flop (didn't bet)
Seat 2: Dorex2007 (button) folded before Flop (didn't bet)
Seat 3: iglesias150 (small blind) folded on the Flop
Seat 5: vasko55555 (big blind) folded before Flop
Seat 6: sullya folded before Flop (didn't bet)
Seat 7: lucaskissler folded before Flop
Seat 8: MarKo Rankovic collected ($1.27)
Seat 9: Glaucou folded before Flop (didn't bet)



PokerStars Hand #238824341342:  Hold'em No Limit ($0.02/$0.05 USD) - 2022/09/23 18:20:58 PT [2022/09/23 21:20:58 ET]
Table 'Veritas III' 9-max Seat #3 is the button
Seat 1: kevmcginge ($9.05 in chips) 
Seat 2: Dorex2007 ($6.60 in chips) 
Seat 3: iglesias150 ($2.83 in chips) 
Seat 5: vasko55555 ($2.41 in chips) 
Seat 6: sullya ($10.81 in chips) 
Seat 7: lucaskissler ($5 in chips) 
Seat 8: MarKo Rankovic ($5.27 in chips) 
Seat 9: Glaucou ($6.74 in chips) 
vasko55555: posts small blind $0.02
sullya: posts big blind $0.05
*** HOLE CARDS ***
Dealt to Dorex2007 [4h 3s]
lucaskissler: folds 
MarKo Rankovic: folds 
Glaucou: raises $0.08 to $0.13
kevmcginge: folds 
Dorex2007: folds 
iglesias150: folds 
vasko55555: folds 
sullya: calls $0.08
*** FLOP *** [9h Js Qd]
sullya: checks 
Glaucou: checks 
*** TURN *** [9h Js Qd] [Ts]
sullya: bets $0.10
Glaucou: folds 
Uncalled bet ($0.10) returned to sullya
sullya collected $0.27 from pot
*** SUMMARY ***
Total pot $0.28 | Rake $0.01 
Board [9h Js Qd Ts]
Seat 1: kevmcginge folded before Flop (didn't bet)
Seat 2: Dorex2007 folded before Flop (didn't bet)
Seat 3: iglesias150 (button) folded before Flop (didn't bet)
Seat 5: vasko55555 (small blind) folded before Flop
Seat 6: sullya (big blind) collected ($0.27)
Seat 7: lucaskissler folded before Flop (didn't bet)
Seat 8: MarKo Rankovic folded before Flop (didn't bet)
Seat 9: Glaucou folded on the Turn



PokerStars Hand #238824348632:  Hold'em No Limit ($0.02/$0.05 USD) - 2022/09/23 18:21:32 PT [2022/09/23 21:21:32 ET]
Table 'Veritas III' 9-max Seat #5 is the button
Seat 1: kevmcginge ($9.05 in chips) 
Seat 2: Dorex2007 ($6.60 in chips) 
Seat 3: iglesias150 ($2.83 in chips) 
Seat 5: vasko55555 ($2.39 in chips) 
Seat 6: sullya ($10.95 in chips) 
Seat 7: lucaskissler ($5 in chips) 
Seat 8: MarKo Rankovic ($5.27 in chips) 
Seat 9: Glaucou ($6.61 in chips) 
sullya: posts small blind $0.02
lucaskissler: posts big blind $0.05
montreal555: sits out 
*** HOLE CARDS ***
Dealt to Dorex2007 [6c 2d]
MarKo Rankovic: folds 
Glaucou: raises $0.05 to $0.10
kevmcginge: folds 
Dorex2007: folds 
iglesias150: folds 
vasko55555: calls $0.10
sullya: folds 
lucaskissler: folds 
*** FLOP *** [4d 4h Th]
Glaucou: checks 
vasko55555: checks 
*** TURN *** [4d 4h Th] [5d]
Glaucou: checks 
vasko55555: checks 
*** RIVER *** [4d 4h Th 5d] [5s]
Glaucou: checks 
vasko55555: checks 
*** SHOW DOWN ***
Glaucou: shows [As 3s] (two pair, Fives and Fours)
vasko55555: mucks hand 
Glaucou collected $0.26 from pot
*** SUMMARY ***
Total pot $0.27 | Rake $0.01 
Board [4d 4h Th 5d 5s]
Seat 1: kevmcginge folded before Flop (didn't bet)
Seat 2: Dorex2007 folded before Flop (didn't bet)
Seat 3: iglesias150 folded before Flop (didn't bet)
Seat 5: vasko55555 (button) mucked [Js Qh]
Seat 6: sullya (small blind) folded before Flop
Seat 7: lucaskissler (big blind) folded before Flop
Seat 8: MarKo Rankovic folded before Flop (didn't bet)
Seat 9: Glaucou showed [As 3s] and won ($0.26) with two pair, Fives and Fours



PokerStars Hand #238824355550:  Hold'em No Limit ($0.02/$0.05 USD) - 2022/09/23 18:22:05 PT [2022/09/23 21:22:05 ET]
Table 'Veritas III' 9-max Seat #6 is the button
Seat 1: kevmcginge ($9.05 in chips) 
Seat 2: Dorex2007 ($6.60 in chips) 
Seat 3: iglesias150 ($2.83 in chips) 
Seat 5: vasko55555 ($2.29 in chips) 
Seat 6: sullya ($10.93 in chips) 
Seat 7: lucaskissler ($5 in chips) 
Seat 8: MarKo Rankovic ($5.27 in chips) 
Seat 9: Glaucou ($6.77 in chips) 
lucaskissler: posts small blind $0.02
MarKo Rankovic: posts big blind $0.05
montreal555: sits out 
*** HOLE CARDS ***
Dealt to Dorex2007 [3c 3d]
Glaucou: folds 
kevmcginge: raises $0.10 to $0.15
Dorex2007: folds 
iglesias150: folds 
vasko55555: folds 
sullya: calls $0.15
lucaskissler: folds 
MarKo Rankovic: calls $0.10
*** FLOP *** [3s 4s 5h]
MarKo Rankovic: bets $0.22
kevmcginge: calls $0.22
sullya: calls $0.22
*** TURN *** [3s 4s 5h] [Qd]
MarKo Rankovic: bets $0.54
kevmcginge: calls $0.54
sullya: folds 
*** RIVER *** [3s 4s 5h Qd] [2c]
MarKo Rankovic: checks 
kevmcginge: checks 
*** SHOW DOWN ***
MarKo Rankovic: shows [3h 5s] (two pair, Fives and Threes)
kevmcginge: mucks hand 
MarKo Rankovic collected $2.12 from pot
*** SUMMARY ***
Total pot $2.21 | Rake $0.09 
Board [3s 4s 5h Qd 2c]
Seat 1: kevmcginge mucked [9s 9h]
Seat 2: Dorex2007 folded before Flop (didn't bet)
Seat 3: iglesias150 folded before Flop (didn't bet)
Seat 5: vasko55555 folded before Flop (didn't bet)
Seat 6: sullya (button) folded on the Turn
Seat 7: lucaskissler (small blind) folded before Flop
Seat 8: MarKo Rankovic (big blind) showed [3h 5s] and won ($2.12) with two pair, Fives and Threes
Seat 9: Glaucou folded before Flop (didn't bet)



PokerStars Hand #238824371811:  Hold'em No Limit ($0.02/$0.05 USD) - 2022/09/23 18:23:22 PT [2022/09/23 21:23:22 ET]
Table 'Veritas III' 9-max Seat #7 is the button
Seat 1: kevmcginge ($8.14 in chips) 
Seat 2: Dorex2007 ($6.60 in chips) 
Seat 3: iglesias150 ($2.83 in chips) 
Seat 5: vasko55555 ($2.29 in chips) 
Seat 6: sullya ($10.56 in chips) 
Seat 7: lucaskissler ($5 in chips) 
Seat 8: MarKo Rankovic ($6.48 in chips) 
Seat 9: Glaucou ($6.77 in chips) 
MarKo Rankovic: posts small blind $0.02
Glaucou: posts big blind $0.05
montreal555: sits out 
*** HOLE CARDS ***
Dealt to Dorex2007 [8s Ks]
kevmcginge: folds 
Dorex2007: folds 
iglesias150: folds 
vasko55555: folds 
sullya: folds 
lucaskissler: raises $0.08 to $0.13
MarKo Rankovic: calls $0.11
Glaucou: calls $0.08
*** FLOP *** [Kd 3s Qh]
MarKo Rankovic: checks 
Glaucou: checks 
lucaskissler: checks 
*** TURN *** [Kd 3s Qh] [Jc]
MarKo Rankovic: checks 
Glaucou: checks 
lucaskissler: checks 
*** RIVER *** [Kd 3s Qh Jc] [5s]
MarKo Rankovic: bets $0.18
Glaucou: folds 
lucaskissler: folds 
Uncalled bet ($0.18) returned to MarKo Rankovic
MarKo Rankovic collected $0.37 from pot
*** SUMMARY ***
Total pot $0.39 | Rake $0.02 
Board [Kd 3s Qh Jc 5s]
Seat 1: kevmcginge folded before Flop (didn't bet)
Seat 2: Dorex2007 folded before Flop (didn't bet)
Seat 3: iglesias150 folded before Flop (didn't bet)
Seat 5: vasko55555 folded before Flop (didn't bet)
Seat 6: sullya folded before Flop (didn't bet)
Seat 7: lucaskissler (button) folded on the River
Seat 8: MarKo Rankovic (small blind) collected ($0.37)
Seat 9: Glaucou (big blind) folded on the River



PokerStars Hand #238824379537:  Hold'em No Limit ($0.02/$0.05 USD) - 2022/09/23 18:23:59 PT [2022/09/23 21:23:59 ET]
Table 'Veritas III' 9-max Seat #8 is the button
Seat 1: kevmcginge ($8.14 in chips) 
Seat 2: Dorex2007 ($6.60 in chips) 
Seat 3: iglesias150 ($2.83 in chips) 
Seat 5: vasko55555 ($2.29 in chips) 
Seat 6: sullya ($10.56 in chips) 
Seat 7: lucaskissler ($5 in chips) 
Seat 8: MarKo Rankovic ($6.72 in chips) 
Seat 9: Glaucou ($6.64 in chips) 
Glaucou: posts small blind $0.02
kevmcginge: posts big blind $0.05
montreal555: sits out 
*** HOLE CARDS ***
Dealt to Dorex2007 [3d 8d]
Dorex2007: folds 
iglesias150: folds 
vasko55555: folds 
sullya: folds 
lucaskissler: folds 
MarKo Rankovic: raises $0.05 to $0.10
Glaucou: raises $0.30 to $0.40
kevmcginge: calls $0.35
MarKo Rankovic: folds 
*** FLOP *** [4d Jd 6c]
Glaucou: bets $0.43
kevmcginge: calls $0.43
*** TURN *** [4d Jd 6c] [5h]
Glaucou: checks 
kevmcginge: checks 
*** RIVER *** [4d Jd 6c 5h] [Th]
Glaucou: checks 
kevmcginge: bets $7.31 and is all-in
Glaucou: folds 
Uncalled bet ($7.31) returned to kevmcginge
kevmcginge collected $1.69 from pot
*** SUMMARY ***
Total pot $1.76 | Rake $0.07 
Board [4d Jd 6c 5h Th]
Seat 1: kevmcginge (big blind) collected ($1.69)
Seat 2: Dorex2007 folded before Flop (didn't bet)
Seat 3: iglesias150 folded before Flop (didn't bet)
Seat 5: vasko55555 folded before Flop (didn't bet)
Seat 6: sullya folded before Flop (didn't bet)
Seat 7: lucaskissler folded before Flop (didn't bet)
Seat 8: MarKo Rankovic (button) folded before Flop
Seat 9: Glaucou (small blind) folded on the River



PokerStars Hand #238824486417:  Hold'em No Limit ($0.02/$0.05 USD) - 2022/09/23 18:32:35 PT [2022/09/23 21:32:35 ET]
Table 'Veritas III' 9-max Seat #5 is the button
Seat 2: Dorex2007 ($6.60 in chips) 
Seat 5: vasko55555 ($1.77 in chips) 
Seat 7: lucaskissler ($12.56 in chips) 
Seat 8: MarKo Rankovic ($6.61 in chips) 
Seat 9: Glaucou ($5 in chips) 
lucaskissler: posts small blind $0.02
MarKo Rankovic: posts big blind $0.05
Dorex2007: posts small & big blinds $0.07
*** HOLE CARDS ***
Dealt to Dorex2007 [Jh Jd]
Glaucou: folds 
Dorex2007: raises $0.14 to $0.19
PokerJP41 joins the table at seat #1 
vasko55555: calls $0.19
lucaskissler: folds 
MarKo Rankovic: calls $0.14
*** FLOP *** [3h 8c 3s]
MarKo Rankovic: checks 
Dorex2007: bets $0.60
vasko55555: folds 
MarKo Rankovic: folds 
Uncalled bet ($0.60) returned to Dorex2007
Dorex2007 collected $0.58 from pot
Dorex2007: doesn't show hand 
*** SUMMARY ***
Total pot $0.61 | Rake $0.03 
Board [3h 8c 3s]
Seat 2: Dorex2007 collected ($0.58)
Seat 5: vasko55555 (button) folded on the Flop
Seat 7: lucaskissler (small blind) folded before Flop
Seat 8: MarKo Rankovic (big blind) folded on the Flop
Seat 9: Glaucou folded before Flop (didn't bet)



PokerStars Hand #238824493399:  Hold'em No Limit ($0.02/$0.05 USD) - 2022/09/23 18:33:09 PT [2022/09/23 21:33:09 ET]
Table 'Veritas III' 9-max Seat #7 is the button
Seat 1: PokerJP41 ($4.50 in chips) 
Seat 2: Dorex2007 ($6.97 in chips) 
Seat 3: iglesias150 ($4.02 in chips) 
Seat 5: vasko55555 ($1.58 in chips) 
Seat 7: lucaskissler ($12.54 in chips) 
Seat 8: MarKo Rankovic ($6.42 in chips) 
Seat 9: Glaucou ($5 in chips) 
MarKo Rankovic: posts small blind $0.02
Glaucou: posts big blind $0.05
PokerJP41: posts big blind $0.05
*** HOLE CARDS ***
Dealt to Dorex2007 [Js Qs]
PokerJP41: raises $1.20 to $1.25
Dorex2007: folds 
iglesias150: folds 
vasko55555: folds 
lucaskissler: folds 
Ir4Rick joins the table at seat #4 
MarKo Rankovic: calls $1.23
Glaucou: folds 
*** FLOP *** [Jh Ad 8h]
MarKo Rankovic: bets $2.44
PokerJP41: folds 
Uncalled bet ($2.44) returned to MarKo Rankovic
MarKo Rankovic collected $2.44 from pot
*** SUMMARY ***
Total pot $2.55 | Rake $0.11 
Board [Jh Ad 8h]
Seat 1: PokerJP41 folded on the Flop
Seat 2: Dorex2007 folded before Flop (didn't bet)
Seat 3: iglesias150 folded before Flop (didn't bet)
Seat 5: vasko55555 folded before Flop (didn't bet)
Seat 7: lucaskissler (button) folded before Flop (didn't bet)
Seat 8: MarKo Rankovic (small blind) collected ($2.44)
Seat 9: Glaucou (big blind) folded before Flop



PokerStars Hand #238824502147:  Hold'em No Limit ($0.02/$0.05 USD) - 2022/09/23 18:33:51 PT [2022/09/23 21:33:51 ET]
Table 'Veritas III' 9-max Seat #8 is the button
Seat 1: PokerJP41 ($3.25 in chips) 
Seat 2: Dorex2007 ($6.97 in chips) 
Seat 3: iglesias150 ($4.02 in chips) 
Seat 5: vasko55555 ($1.58 in chips) 
Seat 7: lucaskissler ($12.54 in chips) 
Seat 8: MarKo Rankovic ($7.61 in chips) 
Seat 9: Glaucou ($5 in chips) 
Glaucou: posts small blind $0.02
PokerJP41: posts big blind $0.05
Ir4Rick: sits out 
*** HOLE CARDS ***
Dealt to Dorex2007 [5s 5h]
Dorex2007: calls $0.05
iglesias150: folds 
vasko55555: folds 
lucaskissler: folds 
MarKo Rankovic: folds 
Glaucou: calls $0.03
PokerJP41: checks 
*** FLOP *** [Ts 9d Qd]
Glaucou: checks 
PokerJP41: checks 
Dorex2007: checks 
*** TURN *** [Ts 9d Qd] [Th]
Glaucou: checks 
PokerJP41: checks 
Dorex2007: checks 
*** RIVER *** [Ts 9d Qd Th] [Ac]
Glaucou: bets $0.15
PokerJP41: folds 
Dorex2007: folds 
Uncalled bet ($0.15) returned to Glaucou
Glaucou collected $0.14 from pot
Glaucou: doesn't show hand 
*** SUMMARY ***
Total pot $0.15 | Rake $0.01 
Board [Ts 9d Qd Th Ac]
Seat 1: PokerJP41 (big blind) folded on the River
Seat 2: Dorex2007 folded on the River
Seat 3: iglesias150 folded before Flop (didn't bet)
Seat 5: vasko55555 folded before Flop (didn't bet)
Seat 7: lucaskissler folded before Flop (didn't bet)
Seat 8: MarKo Rankovic (button) folded before Flop (didn't bet)
Seat 9: Glaucou (small blind) collected ($0.14)



PokerStars Hand #238824509699:  Hold'em No Limit ($0.02/$0.05 USD) - 2022/09/23 18:34:27 PT [2022/09/23 21:34:27 ET]
Table 'Veritas III' 9-max Seat #9 is the button
Seat 1: PokerJP41 ($3.20 in chips) 
Seat 2: Dorex2007 ($6.92 in chips) 
Seat 3: iglesias150 ($4.02 in chips) 
Seat 5: vasko55555 ($1.58 in chips) 
Seat 7: lucaskissler ($12.54 in chips) 
Seat 8: MarKo Rankovic ($7.61 in chips) 
Seat 9: Glaucou ($5.09 in chips) 
PokerJP41: posts small blind $0.02
Dorex2007: posts big blind $0.05
Ir4Rick: sits out 
*** HOLE CARDS ***
Dealt to Dorex2007 [2s Ac]
iglesias150: folds 
vasko55555: folds 
lucaskissler: folds 
MarKo Rankovic: raises $0.05 to $0.10
Glaucou: raises $0.20 to $0.30
PokerJP41: calls $0.28
Dorex2007: folds 
MarKo Rankovic: calls $0.20
*** FLOP *** [Qs 5h 3s]
PokerJP41: checks 
MarKo Rankovic: checks 
Glaucou: checks 
*** TURN *** [Qs 5h 3s] [2h]
PokerJP41: checks 
MarKo Rankovic: checks 
Glaucou: bets $0.75
PokerJP41: calls $0.75
MarKo Rankovic: folds 
*** RIVER *** [Qs 5h 3s 2h] [5s]
PokerJP41: bets $2.15 and is all-in
Glaucou: folds 
Uncalled bet ($2.15) returned to PokerJP41
PokerJP41 collected $2.35 from pot
*** SUMMARY ***
Total pot $2.45 | Rake $0.10 
Board [Qs 5h 3s 2h 5s]
Seat 1: PokerJP41 (small blind) collected ($2.35)
Seat 2: Dorex2007 (big blind) folded before Flop
Seat 3: iglesias150 folded before Flop (didn't bet)
Seat 5: vasko55555 folded before Flop (didn't bet)
Seat 7: lucaskissler folded before Flop (didn't bet)
Seat 8: MarKo Rankovic folded on the Turn
Seat 9: Glaucou (button) folded on the River



PokerStars Hand #238824523227:  Hold'em No Limit ($0.02/$0.05 USD) - 2022/09/23 18:35:33 PT [2022/09/23 21:35:33 ET]
Table 'Veritas III' 9-max Seat #1 is the button
Seat 1: PokerJP41 ($4.50 in chips) 
Seat 2: Dorex2007 ($6.87 in chips) 
Seat 3: iglesias150 ($4.02 in chips) 
Seat 5: vasko55555 ($1.58 in chips) 
Seat 7: lucaskissler ($12.54 in chips) 
Seat 8: MarKo Rankovic ($7.31 in chips) 
Seat 9: Glaucou ($5 in chips) 
Dorex2007: posts small blind $0.02
iglesias150: posts big blind $0.05
Ir4Rick: sits out 
*** HOLE CARDS ***
Dealt to Dorex2007 [3h 6c]
vasko55555: folds 
lucaskissler: raises $0.08 to $0.13
MarKo Rankovic: calls $0.13
Glaucou: folds 
PokerJP41: folds 
Dorex2007: folds 
iglesias150: folds 
*** FLOP *** [Ts 7d 7s]
lucaskissler: bets $0.11
MarKo Rankovic: calls $0.11
*** TURN *** [Ts 7d 7s] [Qc]
lucaskissler: checks 
MarKo Rankovic: checks 
*** RIVER *** [Ts 7d 7s Qc] [9d]
lucaskissler: checks 
MarKo Rankovic: bets $0.26
lucaskissler: calls $0.26
*** SHOW DOWN ***
MarKo Rankovic: shows [Ks 6s] (a pair of Sevens)
lucaskissler: shows [Tc As] (two pair, Tens and Sevens)
lucaskissler collected $1.03 from pot
*** SUMMARY ***
Total pot $1.07 | Rake $0.04 
Board [Ts 7d 7s Qc 9d]
Seat 1: PokerJP41 (button) folded before Flop (didn't bet)
Seat 2: Dorex2007 (small blind) folded before Flop
Seat 3: iglesias150 (big blind) folded before Flop
Seat 5: vasko55555 folded before Flop (didn't bet)
Seat 7: lucaskissler showed [Tc As] and won ($1.03) with two pair, Tens and Sevens
Seat 8: MarKo Rankovic showed [Ks 6s] and lost with a pair of Sevens
Seat 9: Glaucou folded before Flop (didn't bet)



PokerStars Hand #238824532177:  Hold'em No Limit ($0.02/$0.05 USD) - 2022/09/23 18:36:15 PT [2022/09/23 21:36:15 ET]
Table 'Veritas III' 9-max Seat #2 is the button
Seat 1: PokerJP41 ($4.50 in chips) 
Seat 2: Dorex2007 ($6.85 in chips) 
Seat 3: iglesias150 ($3.97 in chips) 
Seat 4: Ir4Rick ($5 in chips) 
Seat 5: vasko55555 ($1.58 in chips) 
Seat 7: lucaskissler ($13.07 in chips) 
Seat 8: MarKo Rankovic ($6.81 in chips) 
Seat 9: Glaucou ($5 in chips) 
iglesias150: posts small blind $0.02
Ir4Rick: posts big blind $0.05
*** HOLE CARDS ***
Dealt to Dorex2007 [8c 4h]
vasko55555: folds 
lucaskissler: folds 
MarKo Rankovic: raises $0.05 to $0.10
Glaucou: folds 
PokerJP41: folds 
Dorex2007: folds 
iglesias150: folds 
Ir4Rick: calls $0.05
*** FLOP *** [9h 7c 3h]
Ir4Rick: bets $0.10
MarKo Rankovic: calls $0.10
*** TURN *** [9h 7c 3h] [Th]
Ir4Rick: bets $0.15
MarKo Rankovic: calls $0.15
*** RIVER *** [9h 7c 3h Th] [5h]
Ir4Rick: checks 
MarKo Rankovic: checks 
*** SHOW DOWN ***
Ir4Rick: shows [Js 7s] (a pair of Sevens)
MarKo Rankovic: shows [Td 9c] (two pair, Tens and Nines)
MarKo Rankovic collected $0.69 from pot
*** SUMMARY ***
Total pot $0.72 | Rake $0.03 
Board [9h 7c 3h Th 5h]
Seat 1: PokerJP41 folded before Flop (didn't bet)
Seat 2: Dorex2007 (button) folded before Flop (didn't bet)
Seat 3: iglesias150 (small blind) folded before Flop
Seat 4: Ir4Rick (big blind) showed [Js 7s] and lost with a pair of Sevens
Seat 5: vasko55555 folded before Flop (didn't bet)
Seat 7: lucaskissler folded before Flop (didn't bet)
Seat 8: MarKo Rankovic showed [Td 9c] and won ($0.69) with two pair, Tens and Nines
Seat 9: Glaucou folded before Flop (didn't bet)



PokerStars Hand #238824540237:  Hold'em No Limit ($0.02/$0.05 USD) - 2022/09/23 18:36:54 PT [2022/09/23 21:36:54 ET]
Table 'Veritas III' 9-max Seat #3 is the button
Seat 1: PokerJP41 ($4.50 in chips) 
Seat 2: Dorex2007 ($6.85 in chips) 
Seat 3: iglesias150 ($3.95 in chips) 
Seat 4: Ir4Rick ($4.65 in chips) 
Seat 5: vasko55555 ($1.58 in chips) 
Seat 7: lucaskissler ($13.07 in chips) 
Seat 8: MarKo Rankovic ($7.15 in chips) 
Seat 9: Glaucou ($5 in chips) 
Ir4Rick: posts small blind $0.02
vasko55555: posts big blind $0.05
*** HOLE CARDS ***
Dealt to Dorex2007 [5s 8h]
lucaskissler: folds 
MarKo Rankovic: folds 
Glaucou: folds 
PokerJP41: folds 
Dorex2007: folds 
iglesias150: raises $0.10 to $0.15
Ir4Rick: folds 
vasko55555: folds 
Uncalled bet ($0.10) returned to iglesias150
iglesias150 collected $0.12 from pot
*** SUMMARY ***
Total pot $0.12 | Rake $0 
Seat 1: PokerJP41 folded before Flop (didn't bet)
Seat 2: Dorex2007 folded before Flop (didn't bet)
Seat 3: iglesias150 (button) collected ($0.12)
Seat 4: Ir4Rick (small blind) folded before Flop
Seat 5: vasko55555 (big blind) folded before Flop
Seat 7: lucaskissler folded before Flop (didn't bet)
Seat 8: MarKo Rankovic folded before Flop (didn't bet)
Seat 9: Glaucou folded before Flop (didn't bet)



PokerStars Hand #238824543777:  Hold'em No Limit ($0.02/$0.05 USD) - 2022/09/23 18:37:11 PT [2022/09/23 21:37:11 ET]
Table 'Veritas III' 9-max Seat #4 is the button
Seat 1: PokerJP41 ($4.50 in chips) 
Seat 2: Dorex2007 ($6.85 in chips) 
Seat 3: iglesias150 ($4.02 in chips) 
Seat 4: Ir4Rick ($4.63 in chips) 
Seat 5: vasko55555 ($1.53 in chips) 
Seat 8: MarKo Rankovic ($7.15 in chips) 
Seat 9: Glaucou ($5 in chips) 
vasko55555: posts small blind $0.02
lucaskissler: is sitting out 
MarKo Rankovic: posts big blind $0.05
*** HOLE CARDS ***
Dealt to Dorex2007 [2d 9d]
lucaskissler leaves the table
Glaucou: folds 
PokerJP41: raises $0.10 to $0.15
Dorex2007: folds 
iglesias150: folds 
Ir4Rick: calls $0.15
vasko55555: folds 
MarKo Rankovic: raises $0.85 to $1
SpeyFly_714 joins the table at seat #7 
PokerJP41: raises $2.50 to $3.50
Ir4Rick: folds 
MarKo Rankovic: raises $2.50 to $6
PokerJP41: calls $1 and is all-in
Uncalled bet ($1.50) returned to MarKo Rankovic
*** FLOP *** [7h 8s 8d]
*** TURN *** [7h 8s 8d] [Th]
*** RIVER *** [7h 8s 8d Th] [Qh]
*** SHOW DOWN ***
MarKo Rankovic: shows [9s 9c] (two pair, Nines and Eights)
PokerJP41: shows [Ac Ad] (two pair, Aces and Eights)
PokerJP41 collected $8.79 from pot
*** SUMMARY ***
Total pot $9.17 | Rake $0.38 
Board [7h 8s 8d Th Qh]
Seat 1: PokerJP41 showed [Ac Ad] and won ($8.79) with two pair, Aces and Eights
Seat 2: Dorex2007 folded before Flop (didn't bet)
Seat 3: iglesias150 folded before Flop (didn't bet)
Seat 4: Ir4Rick (button) folded before Flop
Seat 5: vasko55555 (small blind) folded before Flop
Seat 8: MarKo Rankovic (big blind) showed [9s 9c] and lost with two pair, Nines and Eights
Seat 9: Glaucou folded before Flop (didn't bet)



