PokerStars Hand #238861409498:  Hold'em No Limit ($0.02/$0.05 USD) - 2022/09/25 16:28:44 PT [2022/09/25 19:28:44 ET]
Table 'Wilkens III' 9-max Seat #3 is the button
Seat 1: pebete350 ($5 in chips) 
Seat 2: Dorex2007 ($5 in chips) 
Seat 3: Vany16 ($4.08 in chips) 
Seat 4: tanyaa1956 ($5 in chips) 
Seat 5: dovdon ($3.93 in chips) 
Seat 6: turco1152 ($4.21 in chips) 
Seat 7: JayJayJohnson ($10.64 in chips) 
Seat 8: badrun85 ($5.12 in chips) 
Seat 9: nerantzos358 ($4.16 in chips) 
tanyaa1956: posts small blind $0.02
dovdon: posts big blind $0.05
Dorex2007: posts big blind $0.05
*** HOLE CARDS ***
Dealt to Dorex2007 [Ks 4h]
turco1152: folds 
JayJayJohnson: raises $0.15 to $0.20
badrun85: raises $0.40 to $0.60
nerantzos358: folds 
pebete350: folds 
Dorex2007: folds 
Vany16: folds 
tanyaa1956: folds 
dovdon: folds 
JayJayJohnson: calls $0.40
*** FLOP *** [8d 4d Kh]
JayJayJohnson: checks 
badrun85: bets $0.40
JayJayJohnson: calls $0.40
*** TURN *** [8d 4d Kh] [3s]
JayJayJohnson: checks 
badrun85: checks 
*** RIVER *** [8d 4d Kh 3s] [7d]
JayJayJohnson: bets $1.41
badrun85: folds 
Uncalled bet ($1.41) returned to JayJayJohnson
JayJayJohnson collected $2.03 from pot
*** SUMMARY ***
Total pot $2.12 | Rake $0.09 
Board [8d 4d Kh 3s 7d]
Seat 1: pebete350 folded before Flop (didn't bet)
Seat 2: Dorex2007 folded before Flop (didn't bet)
Seat 3: Vany16 (button) folded before Flop (didn't bet)
Seat 4: tanyaa1956 (small blind) folded before Flop
Seat 5: dovdon (big blind) folded before Flop
Seat 6: turco1152 folded before Flop (didn't bet)
Seat 7: JayJayJohnson collected ($2.03)
Seat 8: badrun85 folded on the River
Seat 9: nerantzos358 folded before Flop (didn't bet)



PokerStars Hand #238861432258:  Hold'em No Limit ($0.02/$0.05 USD) - 2022/09/25 16:30:09 PT [2022/09/25 19:30:09 ET]
Table 'Wilkens III' 9-max Seat #4 is the button
Seat 1: pebete350 ($5 in chips) 
Seat 2: Dorex2007 ($5 in chips) 
Seat 3: Vany16 ($4.08 in chips) 
Seat 4: tanyaa1956 ($5 in chips) 
Seat 5: dovdon ($3.88 in chips) 
Seat 6: turco1152 ($4.21 in chips) 
Seat 7: JayJayJohnson ($11.67 in chips) 
Seat 8: badrun85 ($5 in chips) 
Seat 9: nerantzos358 ($4.16 in chips) 
dovdon: posts small blind $0.02
turco1152: posts big blind $0.05
*** HOLE CARDS ***
Dealt to Dorex2007 [4s Tc]
JayJayJohnson: raises $0.10 to $0.15
badrun85: folds 
nerantzos358: folds 
pebete350: folds 
Dorex2007: folds 
Vany16: folds 
tanyaa1956: folds 
nerantzos358 leaves the table
dovdon: calls $0.13
turco1152: folds 
*** FLOP *** [As Ah 6h]
dovdon: checks 
JayJayJohnson: bets $0.10
Amigu Urso joins the table at seat #9 
dovdon: folds 
Uncalled bet ($0.10) returned to JayJayJohnson
JayJayJohnson collected $0.34 from pot
*** SUMMARY ***
Total pot $0.35 | Rake $0.01 
Board [As Ah 6h]
Seat 1: pebete350 folded before Flop (didn't bet)
Seat 2: Dorex2007 folded before Flop (didn't bet)
Seat 3: Vany16 folded before Flop (didn't bet)
Seat 4: tanyaa1956 (button) folded before Flop (didn't bet)
Seat 5: dovdon (small blind) folded on the Flop
Seat 6: turco1152 (big blind) folded before Flop
Seat 7: JayJayJohnson collected ($0.34)
Seat 8: badrun85 folded before Flop (didn't bet)
Seat 9: nerantzos358 folded before Flop (didn't bet)



PokerStars Hand #238861441522:  Hold'em No Limit ($0.02/$0.05 USD) - 2022/09/25 16:30:44 PT [2022/09/25 19:30:44 ET]
Table 'Wilkens III' 9-max Seat #5 is the button
Seat 1: pebete350 ($5 in chips) 
Seat 2: Dorex2007 ($5 in chips) 
Seat 3: Vany16 ($4.08 in chips) 
Seat 4: tanyaa1956 ($5 in chips) 
Seat 5: dovdon ($3.73 in chips) 
Seat 6: turco1152 ($4.16 in chips) 
Seat 7: JayJayJohnson ($11.86 in chips) 
Seat 8: badrun85 ($5 in chips) 
turco1152: posts small blind $0.02
JayJayJohnson: posts big blind $0.05
Amigu Urso: sits out 
*** HOLE CARDS ***
Dealt to Dorex2007 [Jc 5d]
badrun85: folds 
pebete350: folds 
Dorex2007: folds 
Vany16: folds 
tanyaa1956: folds 
dovdon: raises $0.12 to $0.17
turco1152: folds 
JayJayJohnson: calls $0.12
*** FLOP *** [Qd 7s Ts]
JayJayJohnson: checks 
dovdon: bets $0.17
JayJayJohnson: calls $0.17
*** TURN *** [Qd 7s Ts] [6c]
JayJayJohnson: checks 
dovdon: bets $0.33
JayJayJohnson: calls $0.33
*** RIVER *** [Qd 7s Ts 6c] [Jd]
JayJayJohnson: checks 
dovdon: bets $0.65
JayJayJohnson: folds 
Uncalled bet ($0.65) returned to dovdon
dovdon collected $1.30 from pot
dovdon: doesn't show hand 
*** SUMMARY ***
Total pot $1.36 | Rake $0.06 
Board [Qd 7s Ts 6c Jd]
Seat 1: pebete350 folded before Flop (didn't bet)
Seat 2: Dorex2007 folded before Flop (didn't bet)
Seat 3: Vany16 folded before Flop (didn't bet)
Seat 4: tanyaa1956 folded before Flop (didn't bet)
Seat 5: dovdon (button) collected ($1.30)
Seat 6: turco1152 (small blind) folded before Flop
Seat 7: JayJayJohnson (big blind) folded on the River
Seat 8: badrun85 folded before Flop (didn't bet)



PokerStars Hand #238861456155:  Hold'em No Limit ($0.02/$0.05 USD) - 2022/09/25 16:31:39 PT [2022/09/25 19:31:39 ET]
Table 'Wilkens III' 9-max Seat #6 is the button
Seat 1: pebete350 ($5 in chips) 
Seat 2: Dorex2007 ($5 in chips) 
Seat 3: Vany16 ($4.08 in chips) 
Seat 4: tanyaa1956 ($5 in chips) 
Seat 5: dovdon ($4.36 in chips) 
Seat 6: turco1152 ($4.14 in chips) 
Seat 7: JayJayJohnson ($11.19 in chips) 
Seat 8: badrun85 ($5 in chips) 
JayJayJohnson: posts small blind $0.02
badrun85: posts big blind $0.05
Amigu Urso: sits out 
*** HOLE CARDS ***
Dealt to Dorex2007 [Th 9s]
pebete350: folds 
Dorex2007: folds 
Vany16: raises $0.10 to $0.15
tanyaa1956: folds 
dovdon: calls $0.15
turco1152: folds 
JayJayJohnson: folds 
badrun85: folds 
*** FLOP *** [5d 5h Td]
Vany16: bets $0.21
dovdon: folds 
Uncalled bet ($0.21) returned to Vany16
Vany16 collected $0.35 from pot
*** SUMMARY ***
Total pot $0.37 | Rake $0.02 
Board [5d 5h Td]
Seat 1: pebete350 folded before Flop (didn't bet)
Seat 2: Dorex2007 folded before Flop (didn't bet)
Seat 3: Vany16 collected ($0.35)
Seat 4: tanyaa1956 folded before Flop (didn't bet)
Seat 5: dovdon folded on the Flop
Seat 6: turco1152 (button) folded before Flop (didn't bet)
Seat 7: JayJayJohnson (small blind) folded before Flop
Seat 8: badrun85 (big blind) folded before Flop



PokerStars Hand #238861465563:  Hold'em No Limit ($0.02/$0.05 USD) - 2022/09/25 16:32:14 PT [2022/09/25 19:32:14 ET]
Table 'Wilkens III' 9-max Seat #7 is the button
Seat 1: pebete350 ($5 in chips) 
Seat 2: Dorex2007 ($5 in chips) 
Seat 3: Vany16 ($4.28 in chips) 
Seat 4: tanyaa1956 ($5 in chips) 
Seat 5: dovdon ($4.21 in chips) 
Seat 6: turco1152 ($4.14 in chips) 
Seat 7: JayJayJohnson ($11.17 in chips) 
Seat 8: badrun85 ($5 in chips) 
Seat 9: Amigu Urso ($2 in chips) 
badrun85: posts small blind $0.02
Amigu Urso: posts big blind $0.05
*** HOLE CARDS ***
Dealt to Dorex2007 [3c 8d]
pebete350: folds 
Dorex2007: folds 
Vany16: folds 
tanyaa1956: folds 
dovdon: folds 
turco1152: folds 
JayJayJohnson: raises $0.10 to $0.15
badrun85: folds 
Amigu Urso: folds 
Uncalled bet ($0.10) returned to JayJayJohnson
JayJayJohnson collected $0.12 from pot
*** SUMMARY ***
Total pot $0.12 | Rake $0 
Seat 1: pebete350 folded before Flop (didn't bet)
Seat 2: Dorex2007 folded before Flop (didn't bet)
Seat 3: Vany16 folded before Flop (didn't bet)
Seat 4: tanyaa1956 folded before Flop (didn't bet)
Seat 5: dovdon folded before Flop (didn't bet)
Seat 6: turco1152 folded before Flop (didn't bet)
Seat 7: JayJayJohnson (button) collected ($0.12)
Seat 8: badrun85 (small blind) folded before Flop
Seat 9: Amigu Urso (big blind) folded before Flop



PokerStars Hand #238861472615:  Hold'em No Limit ($0.02/$0.05 USD) - 2022/09/25 16:32:40 PT [2022/09/25 19:32:40 ET]
Table 'Wilkens III' 9-max Seat #8 is the button
Seat 2: Dorex2007 ($5 in chips) 
Seat 3: Vany16 ($4.28 in chips) 
Seat 4: tanyaa1956 ($5 in chips) 
Seat 5: dovdon ($4.21 in chips) 
Seat 6: turco1152 ($4.14 in chips) 
Seat 7: JayJayJohnson ($11.24 in chips) 
Seat 8: badrun85 ($5 in chips) 
Seat 9: Amigu Urso ($1.95 in chips) 
Amigu Urso: posts small blind $0.02
pebete350: is sitting out 
Dorex2007: posts big blind $0.05
*** HOLE CARDS ***
Dealt to Dorex2007 [8c 3h]
Vany16: folds 
tanyaa1956: raises $0.10 to $0.15
Vany16 leaves the table
ooreck joins the table at seat #3 
dovdon: calls $0.15
turco1152: folds 
JayJayJohnson: folds 
badrun85: folds 
Amigu Urso: calls $0.13
Dorex2007: folds 
*** FLOP *** [Js Ks Ad]
Amigu Urso: checks 
tanyaa1956: bets $0.32
dovdon: calls $0.32
Amigu Urso: folds 
*** TURN *** [Js Ks Ad] [Qh]
tanyaa1956: checks 
dovdon: bets $1.09
tanyaa1956: folds 
Uncalled bet ($1.09) returned to dovdon
dovdon collected $1.09 from pot
dovdon: doesn't show hand 
*** SUMMARY ***
Total pot $1.14 | Rake $0.05 
Board [Js Ks Ad Qh]
Seat 2: Dorex2007 (big blind) folded before Flop
Seat 3: Vany16 folded before Flop (didn't bet)
Seat 4: tanyaa1956 folded on the Turn
Seat 5: dovdon collected ($1.09)
Seat 6: turco1152 folded before Flop (didn't bet)
Seat 7: JayJayJohnson folded before Flop (didn't bet)
Seat 8: badrun85 (button) folded before Flop (didn't bet)
Seat 9: Amigu Urso (small blind) folded on the Flop



PokerStars Hand #238861489993:  Hold'em No Limit ($0.02/$0.05 USD) - 2022/09/25 16:33:46 PT [2022/09/25 19:33:46 ET]
Table 'Wilkens III' 9-max Seat #9 is the button
Seat 2: Dorex2007 ($5 in chips) 
Seat 3: ooreck ($5 in chips) 
Seat 4: tanyaa1956 ($5 in chips) 
Seat 5: dovdon ($4.83 in chips) 
Seat 6: turco1152 ($4.14 in chips) 
Seat 7: JayJayJohnson ($11.24 in chips) 
Seat 8: badrun85 ($5 in chips) 
Seat 9: Amigu Urso ($1.80 in chips) 
Dorex2007: posts small blind $0.02
ooreck: posts big blind $0.05
*** HOLE CARDS ***
Dealt to Dorex2007 [Kc 4h]
tanyaa1956: folds 
dovdon: folds 
turco1152: folds 
JayJayJohnson: folds 
badrun85: raises $0.07 to $0.12
Amigu Urso: folds 
Dorex2007: folds 
ooreck: folds 
Uncalled bet ($0.07) returned to badrun85
badrun85 collected $0.12 from pot
badrun85: doesn't show hand 
*** SUMMARY ***
Total pot $0.12 | Rake $0 
Seat 2: Dorex2007 (small blind) folded before Flop
Seat 3: ooreck (big blind) folded before Flop
Seat 4: tanyaa1956 folded before Flop (didn't bet)
Seat 5: dovdon folded before Flop (didn't bet)
Seat 6: turco1152 folded before Flop (didn't bet)
Seat 7: JayJayJohnson folded before Flop (didn't bet)
Seat 8: badrun85 collected ($0.12)
Seat 9: Amigu Urso (button) folded before Flop (didn't bet)



PokerStars Hand #238861495526:  Hold'em No Limit ($0.02/$0.05 USD) - 2022/09/25 16:34:06 PT [2022/09/25 19:34:06 ET]
Table 'Wilkens III' 9-max Seat #2 is the button
Seat 2: Dorex2007 ($5 in chips) 
Seat 3: ooreck ($4.95 in chips) 
Seat 5: dovdon ($4.83 in chips) 
Seat 6: turco1152 ($4.14 in chips) 
Seat 7: JayJayJohnson ($11.24 in chips) 
Seat 8: badrun85 ($5.07 in chips) 
Seat 9: Amigu Urso ($1.80 in chips) 
ooreck: posts small blind $0.02
tanyaa1956: is sitting out 
dovdon: posts big blind $0.05
*** HOLE CARDS ***
Dealt to Dorex2007 [5d Kh]
turco1152: calls $0.05
JayJayJohnson: raises $0.15 to $0.20
badrun85: folds 
Amigu Urso: folds 
Dorex2007: folds 
ooreck: folds 
tanyaa1956 leaves the table
dovdon: calls $0.15
tournidis joins the table at seat #4 
turco1152: folds 
*** FLOP *** [Ah 6h 2h]
dovdon: checks 
JayJayJohnson: checks 
*** TURN *** [Ah 6h 2h] [Jh]
dovdon: checks 
JayJayJohnson: checks 
*** RIVER *** [Ah 6h 2h Jh] [3s]
dovdon: checks 
JayJayJohnson: checks 
*** SHOW DOWN ***
dovdon: shows [Kd 5s] (high card Ace)
JayJayJohnson: shows [Ad 8d] (a pair of Aces)
JayJayJohnson collected $0.45 from pot
*** SUMMARY ***
Total pot $0.47 | Rake $0.02 
Board [Ah 6h 2h Jh 3s]
Seat 2: Dorex2007 (button) folded before Flop (didn't bet)
Seat 3: ooreck (small blind) folded before Flop
Seat 5: dovdon (big blind) showed [Kd 5s] and lost with high card Ace
Seat 6: turco1152 folded before Flop
Seat 7: JayJayJohnson showed [Ad 8d] and won ($0.45) with a pair of Aces
Seat 8: badrun85 folded before Flop (didn't bet)
Seat 9: Amigu Urso folded before Flop (didn't bet)



PokerStars Hand #238861510971:  Hold'em No Limit ($0.02/$0.05 USD) - 2022/09/25 16:35:04 PT [2022/09/25 19:35:04 ET]
Table 'Wilkens III' 9-max Seat #3 is the button
Seat 2: Dorex2007 ($5 in chips) 
Seat 3: ooreck ($4.93 in chips) 
Seat 5: dovdon ($4.63 in chips) 
Seat 6: turco1152 ($4.09 in chips) 
Seat 7: JayJayJohnson ($11.49 in chips) 
Seat 8: badrun85 ($5.07 in chips) 
Seat 9: Amigu Urso ($1.80 in chips) 
dovdon: posts small blind $0.02
turco1152: posts big blind $0.05
*** HOLE CARDS ***
Dealt to Dorex2007 [3c 5d]
JayJayJohnson: raises $0.10 to $0.15
badrun85: folds 
Amigu Urso: raises $0.10 to $0.25
Dorex2007: folds 
ooreck: folds 
dovdon: folds 
turco1152: folds 
JayJayJohnson: calls $0.10
*** FLOP *** [8d 9d 8c]
JayJayJohnson: checks 
Amigu Urso: bets $1.55 and is all-in
JayJayJohnson: folds 
Uncalled bet ($1.55) returned to Amigu Urso
Amigu Urso collected $0.55 from pot
Amigu Urso: doesn't show hand 
*** SUMMARY ***
Total pot $0.57 | Rake $0.02 
Board [8d 9d 8c]
Seat 2: Dorex2007 folded before Flop (didn't bet)
Seat 3: ooreck (button) folded before Flop (didn't bet)
Seat 5: dovdon (small blind) folded before Flop
Seat 6: turco1152 (big blind) folded before Flop
Seat 7: JayJayJohnson folded on the Flop
Seat 8: badrun85 folded before Flop (didn't bet)
Seat 9: Amigu Urso collected ($0.55)



PokerStars Hand #238861518891:  Hold'em No Limit ($0.02/$0.05 USD) - 2022/09/25 16:35:34 PT [2022/09/25 19:35:34 ET]
Table 'Wilkens III' 9-max Seat #5 is the button
Seat 2: Dorex2007 ($5 in chips) 
Seat 3: ooreck ($4.93 in chips) 
Seat 5: dovdon ($4.61 in chips) 
Seat 6: turco1152 ($4.04 in chips) 
Seat 7: JayJayJohnson ($11.24 in chips) 
Seat 8: badrun85 ($5.07 in chips) 
Seat 9: Amigu Urso ($2.10 in chips) 
turco1152: posts small blind $0.02
JayJayJohnson: posts big blind $0.05
tournidis has timed out
tournidis: is sitting out 
*** HOLE CARDS ***
Dealt to Dorex2007 [4h 3d]
badrun85: folds 
Amigu Urso: folds 
Dorex2007: folds 
ooreck: folds 
dovdon: calls $0.05
tournidis is disconnected 
turco1152: folds 
JayJayJohnson: checks 
*** FLOP *** [9h 4s Ks]
JayJayJohnson: checks 
dovdon: bets $0.20
JayJayJohnson: calls $0.20
*** TURN *** [9h 4s Ks] [3h]
JayJayJohnson: checks 
dovdon: bets $0.30
JayJayJohnson: calls $0.30
*** RIVER *** [9h 4s Ks 3h] [7s]
JayJayJohnson: checks 
dovdon: checks 
*** SHOW DOWN ***
JayJayJohnson: shows [Kh 5h] (a pair of Kings)
dovdon: shows [Kc 9c] (two pair, Kings and Nines)
dovdon collected $1.07 from pot
*** SUMMARY ***
Total pot $1.12 | Rake $0.05 
Board [9h 4s Ks 3h 7s]
Seat 2: Dorex2007 folded before Flop (didn't bet)
Seat 3: ooreck folded before Flop (didn't bet)
Seat 5: dovdon (button) showed [Kc 9c] and won ($1.07) with two pair, Kings and Nines
Seat 6: turco1152 (small blind) folded before Flop
Seat 7: JayJayJohnson (big blind) showed [Kh 5h] and lost with a pair of Kings
Seat 8: badrun85 folded before Flop (didn't bet)
Seat 9: Amigu Urso folded before Flop (didn't bet)



PokerStars Hand #238861534970:  Hold'em No Limit ($0.02/$0.05 USD) - 2022/09/25 16:36:35 PT [2022/09/25 19:36:35 ET]
Table 'Wilkens III' 9-max Seat #6 is the button
Seat 2: Dorex2007 ($5 in chips) 
Seat 3: ooreck ($4.93 in chips) 
Seat 5: dovdon ($5.13 in chips) 
Seat 6: turco1152 ($4.02 in chips) 
Seat 7: JayJayJohnson ($10.69 in chips) 
Seat 8: badrun85 ($5.07 in chips) 
Seat 9: Amigu Urso ($2.10 in chips) 
JayJayJohnson: posts small blind $0.02
badrun85: posts big blind $0.05
*** HOLE CARDS ***
Dealt to Dorex2007 [Kh Jh]
Amigu Urso: folds 
Dorex2007: raises $0.10 to $0.15
ooreck: calls $0.15
dovdon: folds 
turco1152: folds 
JayJayJohnson: folds 
badrun85: folds 
*** FLOP *** [Qc 4h As]
Dorex2007: checks 
ooreck: bets $0.17
Dorex2007: calls $0.17
*** TURN *** [Qc 4h As] [Js]
Dorex2007: checks 
ooreck: checks 
*** RIVER *** [Qc 4h As Js] [Ad]
Dorex2007: bets $0.34
ooreck: folds 
Uncalled bet ($0.34) returned to Dorex2007
Dorex2007 collected $0.68 from pot
Dorex2007: doesn't show hand 
*** SUMMARY ***
Total pot $0.71 | Rake $0.03 
Board [Qc 4h As Js Ad]
Seat 2: Dorex2007 collected ($0.68)
Seat 3: ooreck folded on the River
Seat 5: dovdon folded before Flop (didn't bet)
Seat 6: turco1152 (button) folded before Flop (didn't bet)
Seat 7: JayJayJohnson (small blind) folded before Flop
Seat 8: badrun85 (big blind) folded before Flop
Seat 9: Amigu Urso folded before Flop (didn't bet)



PokerStars Hand #238861547781:  Hold'em No Limit ($0.02/$0.05 USD) - 2022/09/25 16:37:24 PT [2022/09/25 19:37:24 ET]
Table 'Wilkens III' 9-max Seat #7 is the button
Seat 2: Dorex2007 ($5.36 in chips) 
Seat 3: ooreck ($4.61 in chips) 
Seat 5: dovdon ($5.13 in chips) 
Seat 6: turco1152 ($4.02 in chips) 
Seat 7: JayJayJohnson ($10.67 in chips) 
Seat 8: badrun85 ($5.02 in chips) 
Seat 9: Amigu Urso ($2.10 in chips) 
badrun85: posts small blind $0.02
Amigu Urso: posts big blind $0.05
pebete350: sits out 
*** HOLE CARDS ***
Dealt to Dorex2007 [2c Kd]
Dorex2007: folds 
ooreck: folds 
dovdon: calls $0.05
turco1152: calls $0.05
JayJayJohnson: calls $0.05
badrun85: folds 
Amigu Urso: checks 
*** FLOP *** [Ad Qc Th]
Amigu Urso: bets $0.21
dovdon: calls $0.21
turco1152: folds 
JayJayJohnson: folds 
*** TURN *** [Ad Qc Th] [Kh]
Amigu Urso: checks 
dovdon: checks 
*** RIVER *** [Ad Qc Th Kh] [7c]
Amigu Urso: checks 
dovdon: checks 
*** SHOW DOWN ***
Amigu Urso: shows [Tc 8s] (a pair of Tens)
dovdon: shows [As Ts] (two pair, Aces and Tens)
dovdon collected $0.61 from pot
*** SUMMARY ***
Total pot $0.64 | Rake $0.03 
Board [Ad Qc Th Kh 7c]
Seat 2: Dorex2007 folded before Flop (didn't bet)
Seat 3: ooreck folded before Flop (didn't bet)
Seat 5: dovdon showed [As Ts] and won ($0.61) with two pair, Aces and Tens
Seat 6: turco1152 folded on the Flop
Seat 7: JayJayJohnson (button) folded on the Flop
Seat 8: badrun85 (small blind) folded before Flop
Seat 9: Amigu Urso (big blind) showed [Tc 8s] and lost with a pair of Tens



PokerStars Hand #238861560305:  Hold'em No Limit ($0.02/$0.05 USD) - 2022/09/25 16:38:12 PT [2022/09/25 19:38:12 ET]
Table 'Wilkens III' 9-max Seat #8 is the button
Seat 1: pebete350 ($5 in chips) 
Seat 2: Dorex2007 ($5.36 in chips) 
Seat 3: ooreck ($4.61 in chips) 
Seat 5: dovdon ($5.48 in chips) 
Seat 6: turco1152 ($3.97 in chips) 
Seat 7: JayJayJohnson ($10.62 in chips) 
Seat 8: badrun85 ($5 in chips) 
Seat 9: Amigu Urso ($1.84 in chips) 
Amigu Urso: posts small blind $0.02
pebete350: posts big blind $0.05
*** HOLE CARDS ***
Dealt to Dorex2007 [Kd 2h]
Dorex2007: folds 
ooreck: raises $0.05 to $0.10
dovdon: folds 
turco1152: folds 
JayJayJohnson: folds 
badrun85: folds 
Amigu Urso: folds 
pebete350: folds 
Uncalled bet ($0.05) returned to ooreck
ooreck collected $0.12 from pot
*** SUMMARY ***
Total pot $0.12 | Rake $0 
Seat 1: pebete350 (big blind) folded before Flop
Seat 2: Dorex2007 folded before Flop (didn't bet)
Seat 3: ooreck collected ($0.12)
Seat 5: dovdon folded before Flop (didn't bet)
Seat 6: turco1152 folded before Flop (didn't bet)
Seat 7: JayJayJohnson folded before Flop (didn't bet)
Seat 8: badrun85 (button) folded before Flop (didn't bet)
Seat 9: Amigu Urso (small blind) folded before Flop



PokerStars Hand #238861567622:  Hold'em No Limit ($0.02/$0.05 USD) - 2022/09/25 16:38:39 PT [2022/09/25 19:38:39 ET]
Table 'Wilkens III' 9-max Seat #9 is the button
Seat 1: pebete350 ($5 in chips) 
Seat 2: Dorex2007 ($5.36 in chips) 
Seat 3: ooreck ($4.68 in chips) 
Seat 5: dovdon ($5.48 in chips) 
Seat 6: turco1152 ($3.97 in chips) 
Seat 7: JayJayJohnson ($10.62 in chips) 
Seat 8: badrun85 ($5 in chips) 
Seat 9: Amigu Urso ($1.82 in chips) 
pebete350: posts small blind $0.02
Dorex2007: posts big blind $0.05
*** HOLE CARDS ***
Dealt to Dorex2007 [Ad Jh]
ooreck: raises $0.10 to $0.15
dovdon: calls $0.15
turco1152: folds 
JayJayJohnson: calls $0.15
badrun85: raises $0.55 to $0.70
Amigu Urso: folds 
pebete350: folds 
Dorex2007: folds 
ooreck is disconnected 
ooreck has timed out while disconnected
ooreck: folds 
dovdon: folds 
JayJayJohnson: calls $0.55
*** FLOP *** [Js 4h 7s]
JayJayJohnson: checks 
badrun85: bets $0.85
JayJayJohnson: calls $0.85
*** TURN *** [Js 4h 7s] [2h]
JayJayJohnson: checks 
ooreck leaves the table
gcagustin joins the table at seat #3 
badrun85: bets $3.45 and is all-in
JayJayJohnson: folds 
Uncalled bet ($3.45) returned to badrun85
badrun85 collected $3.33 from pot
badrun85: doesn't show hand 
*** SUMMARY ***
Total pot $3.47 | Rake $0.14 
Board [Js 4h 7s 2h]
Seat 1: pebete350 (small blind) folded before Flop
Seat 2: Dorex2007 (big blind) folded before Flop
Seat 3: ooreck folded before Flop
Seat 5: dovdon folded before Flop
Seat 6: turco1152 folded before Flop (didn't bet)
Seat 7: JayJayJohnson folded on the Turn
Seat 8: badrun85 collected ($3.33)
Seat 9: Amigu Urso (button) folded before Flop (didn't bet)



PokerStars Hand #238861615438:  Hold'em No Limit ($0.02/$0.05 USD) - 2022/09/25 16:41:41 PT [2022/09/25 19:41:41 ET]
Table 'Wilkens III' 9-max Seat #1 is the button
Seat 1: pebete350 ($5 in chips) 
Seat 2: Dorex2007 ($5.31 in chips) 
Seat 3: gcagustin ($3.50 in chips) 
Seat 5: dovdon ($5.33 in chips) 
Seat 6: turco1152 ($3.97 in chips) 
Seat 7: JayJayJohnson ($9.07 in chips) 
Seat 8: badrun85 ($6.78 in chips) 
Seat 9: Amigu Urso ($1.82 in chips) 
Dorex2007: posts small blind $0.02
gcagustin: posts big blind $0.05
*** HOLE CARDS ***
Dealt to Dorex2007 [Td 4s]
dovdon: folds 
turco1152: folds 
JayJayJohnson: raises $0.10 to $0.15
badrun85: folds 
Amigu Urso: folds 
pebete350: folds 
Dorex2007: folds 
gcagustin: folds 
Uncalled bet ($0.10) returned to JayJayJohnson
JayJayJohnson collected $0.12 from pot
*** SUMMARY ***
Total pot $0.12 | Rake $0 
Seat 1: pebete350 (button) folded before Flop (didn't bet)
Seat 2: Dorex2007 (small blind) folded before Flop
Seat 3: gcagustin (big blind) folded before Flop
Seat 5: dovdon folded before Flop (didn't bet)
Seat 6: turco1152 folded before Flop (didn't bet)
Seat 7: JayJayJohnson collected ($0.12)
Seat 8: badrun85 folded before Flop (didn't bet)
Seat 9: Amigu Urso folded before Flop (didn't bet)



PokerStars Hand #238861619368:  Hold'em No Limit ($0.02/$0.05 USD) - 2022/09/25 16:41:56 PT [2022/09/25 19:41:56 ET]
Table 'Wilkens III' 9-max Seat #2 is the button
Seat 1: pebete350 ($5 in chips) 
Seat 2: Dorex2007 ($5.29 in chips) 
Seat 3: gcagustin ($3.45 in chips) 
Seat 6: turco1152 ($3.97 in chips) 
Seat 7: JayJayJohnson ($9.14 in chips) 
Seat 8: badrun85 ($6.78 in chips) 
Seat 9: Amigu Urso ($1.82 in chips) 
gcagustin: posts small blind $0.02
dovdon: is sitting out 
turco1152: posts big blind $0.05
*** HOLE CARDS ***
Dealt to Dorex2007 [Ah 6c]
JayJayJohnson: raises $0.10 to $0.15
badrun85: folds 
Amigu Urso: folds 
pebete350: folds 
Dorex2007: folds 
gcagustin: folds 
turco1152: folds 
Uncalled bet ($0.10) returned to JayJayJohnson
JayJayJohnson collected $0.12 from pot
*** SUMMARY ***
Total pot $0.12 | Rake $0 
Seat 1: pebete350 folded before Flop (didn't bet)
Seat 2: Dorex2007 (button) folded before Flop (didn't bet)
Seat 3: gcagustin (small blind) folded before Flop
Seat 6: turco1152 (big blind) folded before Flop
Seat 7: JayJayJohnson collected ($0.12)
Seat 8: badrun85 folded before Flop (didn't bet)
Seat 9: Amigu Urso folded before Flop (didn't bet)



PokerStars Hand #238861626649:  Hold'em No Limit ($0.02/$0.05 USD) - 2022/09/25 16:42:24 PT [2022/09/25 19:42:24 ET]
Table 'Wilkens III' 9-max Seat #3 is the button
Seat 1: pebete350 ($5 in chips) 
Seat 2: Dorex2007 ($5.29 in chips) 
Seat 3: gcagustin ($3.43 in chips) 
Seat 6: turco1152 ($3.92 in chips) 
Seat 7: JayJayJohnson ($9.21 in chips) 
Seat 8: badrun85 ($6.78 in chips) 
Seat 9: Amigu Urso ($1.82 in chips) 
turco1152: posts small blind $0.02
JayJayJohnson: posts big blind $0.05
*** HOLE CARDS ***
Dealt to Dorex2007 [2h 2d]
badrun85: folds 
Amigu Urso: folds 
pebete350: folds 
Dorex2007: folds 
gcagustin: folds 
turco1152: folds 
Uncalled bet ($0.03) returned to JayJayJohnson
JayJayJohnson collected $0.04 from pot
*** SUMMARY ***
Total pot $0.04 | Rake $0 
Seat 1: pebete350 folded before Flop (didn't bet)
Seat 2: Dorex2007 folded before Flop (didn't bet)
Seat 3: gcagustin (button) folded before Flop (didn't bet)
Seat 6: turco1152 (small blind) folded before Flop
Seat 7: JayJayJohnson (big blind) collected ($0.04)
Seat 8: badrun85 folded before Flop (didn't bet)
Seat 9: Amigu Urso folded before Flop (didn't bet)



PokerStars Hand #238861631428:  Hold'em No Limit ($0.02/$0.05 USD) - 2022/09/25 16:42:42 PT [2022/09/25 19:42:42 ET]
Table 'Wilkens III' 9-max Seat #6 is the button
Seat 1: pebete350 ($5 in chips) 
Seat 2: Dorex2007 ($5.29 in chips) 
Seat 3: gcagustin ($3.43 in chips) 
Seat 6: turco1152 ($3.90 in chips) 
Seat 7: JayJayJohnson ($9.23 in chips) 
Seat 8: badrun85 ($6.78 in chips) 
Seat 9: Amigu Urso ($1.82 in chips) 
JayJayJohnson: posts small blind $0.02
badrun85: posts big blind $0.05
*** HOLE CARDS ***
Dealt to Dorex2007 [2d 7s]
Amigu Urso: raises $0.05 to $0.10
pebete350: folds 
Dorex2007: folds 
gcagustin: folds 
turco1152: folds 
JayJayJohnson: raises $0.30 to $0.40
badrun85: folds 
Amigu Urso: calls $0.30
*** FLOP *** [9d 3s Qh]
JayJayJohnson: checks 
Amigu Urso: bets $1.42 and is all-in
JayJayJohnson: calls $1.42
*** TURN *** [9d 3s Qh] [Qd]
*** RIVER *** [9d 3s Qh Qd] [Jh]
*** SHOW DOWN ***
JayJayJohnson: shows [Td Th] (two pair, Queens and Tens)
Amigu Urso: shows [Ks Ts] (a straight, Nine to King)
Amigu Urso collected $3.54 from pot
*** SUMMARY ***
Total pot $3.69 | Rake $0.15 
Board [9d 3s Qh Qd Jh]
Seat 1: pebete350 folded before Flop (didn't bet)
Seat 2: Dorex2007 folded before Flop (didn't bet)
Seat 3: gcagustin folded before Flop (didn't bet)
Seat 6: turco1152 (button) folded before Flop (didn't bet)
Seat 7: JayJayJohnson (small blind) showed [Td Th] and lost with two pair, Queens and Tens
Seat 8: badrun85 (big blind) folded before Flop
Seat 9: Amigu Urso showed [Ks Ts] and won ($3.54) with a straight, Nine to King



PokerStars Hand #238861640712:  Hold'em No Limit ($0.02/$0.05 USD) - 2022/09/25 16:43:18 PT [2022/09/25 19:43:18 ET]
Table 'Wilkens III' 9-max Seat #7 is the button
Seat 1: pebete350 ($5 in chips) 
Seat 2: Dorex2007 ($5.29 in chips) 
Seat 3: gcagustin ($3.43 in chips) 
Seat 6: turco1152 ($3.90 in chips) 
Seat 7: JayJayJohnson ($7.41 in chips) 
Seat 8: badrun85 ($6.73 in chips) 
Seat 9: Amigu Urso ($3.54 in chips) 
badrun85: posts small blind $0.02
Amigu Urso: posts big blind $0.05
*** HOLE CARDS ***
Dealt to Dorex2007 [Qs Qh]
pebete350: folds 
Dorex2007: raises $0.15 to $0.20
gcagustin: calls $0.20
turco1152: folds 
JayJayJohnson: calls $0.20
badrun85: folds 
Amigu Urso: folds 
*** FLOP *** [6d 3c 2h]
Dorex2007: bets $0.65
gcagustin: calls $0.65
JayJayJohnson: folds 
*** TURN *** [6d 3c 2h] [8h]
Dorex2007: bets $4.44 and is all-in
gcagustin: calls $2.58 and is all-in
Uncalled bet ($1.86) returned to Dorex2007
*** RIVER *** [6d 3c 2h 8h] [Kd]
*** SHOW DOWN ***
Dorex2007: shows [Qs Qh] (a pair of Queens)
gcagustin: shows [8s Ks] (two pair, Kings and Eights)
gcagustin collected $6.83 from pot
Dorex2007 cashed out the hand for $6 | Cash Out Fee $0.06
*** SUMMARY ***
Total pot $7.13 | Rake $0.30 
Board [6d 3c 2h 8h Kd]
Seat 1: pebete350 folded before Flop (didn't bet)
Seat 2: Dorex2007 showed [Qs Qh] and lost with a pair of Queens (cashed out).
Seat 3: gcagustin showed [8s Ks] and won ($6.83) with two pair, Kings and Eights
Seat 6: turco1152 folded before Flop (didn't bet)
Seat 7: JayJayJohnson (button) folded on the Flop
Seat 8: badrun85 (small blind) folded before Flop
Seat 9: Amigu Urso (big blind) folded before Flop



PokerStars Hand #238861651734:  Hold'em No Limit ($0.02/$0.05 USD) - 2022/09/25 16:44:00 PT [2022/09/25 19:44:00 ET]
Table 'Wilkens III' 9-max Seat #8 is the button
Seat 1: pebete350 ($5 in chips) 
Seat 2: Dorex2007 ($7.86 in chips) 
Seat 3: gcagustin ($6.83 in chips) 
Seat 6: turco1152 ($3.90 in chips) 
Seat 7: JayJayJohnson ($7.21 in chips) 
Seat 8: badrun85 ($6.71 in chips) 
Seat 9: Amigu Urso ($3.49 in chips) 
Amigu Urso: posts small blind $0.02
pebete350: posts big blind $0.05
*** HOLE CARDS ***
Dealt to Dorex2007 [2h 4d]
Dorex2007: folds 
gcagustin: folds 
turco1152: calls $0.05
JayJayJohnson: calls $0.05
badrun85: folds 
Amigu Urso: raises $0.10 to $0.15
pebete350: folds 
turco1152: calls $0.10
JayJayJohnson: calls $0.10
*** FLOP *** [Kh 2d 2c]
Amigu Urso: bets $0.48
turco1152: calls $0.48
JayJayJohnson: folds 
*** TURN *** [Kh 2d 2c] [6s]
Amigu Urso: bets $1.40
turco1152: folds 
Uncalled bet ($1.40) returned to Amigu Urso
Amigu Urso collected $1.40 from pot
Amigu Urso: doesn't show hand 
*** SUMMARY ***
Total pot $1.46 | Rake $0.06 
Board [Kh 2d 2c 6s]
Seat 1: pebete350 (big blind) folded before Flop
Seat 2: Dorex2007 folded before Flop (didn't bet)
Seat 3: gcagustin folded before Flop (didn't bet)
Seat 6: turco1152 folded on the Turn
Seat 7: JayJayJohnson folded on the Flop
Seat 8: badrun85 (button) folded before Flop (didn't bet)
Seat 9: Amigu Urso (small blind) collected ($1.40)



PokerStars Hand #238861662986:  Hold'em No Limit ($0.02/$0.05 USD) - 2022/09/25 16:44:44 PT [2022/09/25 19:44:44 ET]
Table 'Wilkens III' 9-max Seat #9 is the button
Seat 1: pebete350 ($5 in chips) 
Seat 2: Dorex2007 ($7.86 in chips) 
Seat 3: gcagustin ($6.83 in chips) 
Seat 6: turco1152 ($3.27 in chips) 
Seat 7: JayJayJohnson ($7.06 in chips) 
Seat 8: badrun85 ($6.71 in chips) 
Seat 9: Amigu Urso ($4.26 in chips) 
pebete350: posts small blind $0.02
Dorex2007: posts big blind $0.05
*** HOLE CARDS ***
Dealt to Dorex2007 [Td 4c]
gcagustin has timed out
gcagustin: folds 
turco1152: calls $0.05
JayJayJohnson: folds 
badrun85: raises $0.10 to $0.15
Amigu Urso: calls $0.15
pebete350: folds 
Dorex2007: folds 
turco1152: calls $0.10
*** FLOP *** [2d 3h 9h]
turco1152: checks 
badrun85: bets $0.25
Amigu Urso: folds 
turco1152: folds 
Uncalled bet ($0.25) returned to badrun85
badrun85 collected $0.50 from pot
badrun85: doesn't show hand 
*** SUMMARY ***
Total pot $0.52 | Rake $0.02 
Board [2d 3h 9h]
Seat 1: pebete350 (small blind) folded before Flop
Seat 2: Dorex2007 (big blind) folded before Flop
Seat 3: gcagustin folded before Flop (didn't bet)
Seat 6: turco1152 folded on the Flop
Seat 7: JayJayJohnson folded before Flop (didn't bet)
Seat 8: badrun85 collected ($0.50)
Seat 9: Amigu Urso (button) folded on the Flop



PokerStars Hand #238861675521:  Hold'em No Limit ($0.02/$0.05 USD) - 2022/09/25 16:45:32 PT [2022/09/25 19:45:32 ET]
Table 'Wilkens III' 9-max Seat #1 is the button
Seat 1: pebete350 ($5 in chips) 
Seat 2: Dorex2007 ($7.81 in chips) 
Seat 3: gcagustin ($6.83 in chips) 
Seat 6: turco1152 ($3.12 in chips) 
Seat 7: JayJayJohnson ($7.06 in chips) 
Seat 8: badrun85 ($7.06 in chips) 
Seat 9: Amigu Urso ($4.11 in chips) 
Dorex2007: posts small blind $0.02
gcagustin: posts big blind $0.05
*** HOLE CARDS ***
Dealt to Dorex2007 [Qs Ts]
turco1152: folds 
JayJayJohnson: raises $0.10 to $0.15
badrun85: folds 
Amigu Urso: folds 
pebete350: folds 
Dorex2007: folds 
gcagustin: folds 
Uncalled bet ($0.10) returned to JayJayJohnson
JayJayJohnson collected $0.12 from pot
*** SUMMARY ***
Total pot $0.12 | Rake $0 
Seat 1: pebete350 (button) folded before Flop (didn't bet)
Seat 2: Dorex2007 (small blind) folded before Flop
Seat 3: gcagustin (big blind) folded before Flop
Seat 6: turco1152 folded before Flop (didn't bet)
Seat 7: JayJayJohnson collected ($0.12)
Seat 8: badrun85 folded before Flop (didn't bet)
Seat 9: Amigu Urso folded before Flop (didn't bet)



PokerStars Hand #238861680328:  Hold'em No Limit ($0.02/$0.05 USD) - 2022/09/25 16:45:51 PT [2022/09/25 19:45:51 ET]
Table 'Wilkens III' 9-max Seat #2 is the button
Seat 1: pebete350 ($5 in chips) 
Seat 2: Dorex2007 ($7.79 in chips) 
Seat 3: gcagustin ($6.78 in chips) 
Seat 6: turco1152 ($3.12 in chips) 
Seat 7: JayJayJohnson ($7.13 in chips) 
Seat 8: badrun85 ($7.06 in chips) 
Seat 9: Amigu Urso ($4.11 in chips) 
gcagustin: posts small blind $0.02
turco1152: posts big blind $0.05
*** HOLE CARDS ***
Dealt to Dorex2007 [Jc 9h]
JayJayJohnson: folds 
badrun85: folds 
tournidis leaves the table
QualitySnoop joins the table at seat #4 
Amigu Urso: folds 
pebete350: folds 
Dorex2007: folds 
gcagustin: folds 
Uncalled bet ($0.03) returned to turco1152
turco1152 collected $0.04 from pot
*** SUMMARY ***
Total pot $0.04 | Rake $0 
Seat 1: pebete350 folded before Flop (didn't bet)
Seat 2: Dorex2007 (button) folded before Flop (didn't bet)
Seat 3: gcagustin (small blind) folded before Flop
Seat 6: turco1152 (big blind) collected ($0.04)
Seat 7: JayJayJohnson folded before Flop (didn't bet)
Seat 8: badrun85 folded before Flop (didn't bet)
Seat 9: Amigu Urso folded before Flop (didn't bet)



PokerStars Hand #238861685896:  Hold'em No Limit ($0.02/$0.05 USD) - 2022/09/25 16:46:13 PT [2022/09/25 19:46:13 ET]
Table 'Wilkens III' 9-max Seat #3 is the button
Seat 1: pebete350 ($5 in chips) 
Seat 2: Dorex2007 ($7.79 in chips) 
Seat 3: gcagustin ($6.76 in chips) 
Seat 6: turco1152 ($3.14 in chips) 
Seat 7: JayJayJohnson ($7.13 in chips) 
Seat 8: badrun85 ($7.06 in chips) 
Seat 9: Amigu Urso ($4.11 in chips) 
turco1152: posts small blind $0.02
JayJayJohnson: posts big blind $0.05
*** HOLE CARDS ***
Dealt to Dorex2007 [Tc 6c]
badrun85: folds 
Amigu Urso: raises $0.05 to $0.10
pebete350: folds 
Dorex2007: folds 
gcagustin: calls $0.10
turco1152: folds 
JayJayJohnson: calls $0.05
*** FLOP *** [9d Ah 7h]
JayJayJohnson: checks 
Amigu Urso: bets $0.15
gcagustin: calls $0.15
JayJayJohnson: folds 
*** TURN *** [9d Ah 7h] [5c]
Amigu Urso: checks 
gcagustin: bets $0.30
Amigu Urso: calls $0.30
*** RIVER *** [9d Ah 7h 5c] [Qs]
Amigu Urso: checks 
gcagustin: bets $0.40
Amigu Urso: calls $0.40
*** SHOW DOWN ***
gcagustin: shows [3h Ac] (a pair of Aces)
Amigu Urso: shows [Qh 9h] (two pair, Queens and Nines)
Amigu Urso collected $1.94 from pot
*** SUMMARY ***
Total pot $2.02 | Rake $0.08 
Board [9d Ah 7h 5c Qs]
Seat 1: pebete350 folded before Flop (didn't bet)
Seat 2: Dorex2007 folded before Flop (didn't bet)
Seat 3: gcagustin (button) showed [3h Ac] and lost with a pair of Aces
Seat 6: turco1152 (small blind) folded before Flop
Seat 7: JayJayJohnson (big blind) folded on the Flop
Seat 8: badrun85 folded before Flop (didn't bet)
Seat 9: Amigu Urso showed [Qh 9h] and won ($1.94) with two pair, Queens and Nines



PokerStars Hand #238861698644:  Hold'em No Limit ($0.02/$0.05 USD) - 2022/09/25 16:47:02 PT [2022/09/25 19:47:02 ET]
Table 'Wilkens III' 9-max Seat #6 is the button
Seat 1: pebete350 ($5 in chips) 
Seat 2: Dorex2007 ($7.79 in chips) 
Seat 3: gcagustin ($5.81 in chips) 
Seat 4: QualitySnoop ($5.51 in chips) 
Seat 6: turco1152 ($3.12 in chips) 
Seat 7: JayJayJohnson ($7.03 in chips) 
Seat 8: badrun85 ($7.06 in chips) 
Seat 9: Amigu Urso ($5.10 in chips) 
JayJayJohnson: posts small blind $0.02
badrun85: posts big blind $0.05
QualitySnoop: posts big blind $0.05
*** HOLE CARDS ***
Dealt to Dorex2007 [9d Tc]
Amigu Urso: folds 
pebete350: folds 
Dorex2007: folds 
gcagustin: folds 
QualitySnoop: raises $0.10 to $0.15
turco1152: raises $0.35 to $0.50
JayJayJohnson: folds 
badrun85: folds 
QualitySnoop: folds 
Uncalled bet ($0.35) returned to turco1152
turco1152 collected $0.37 from pot
*** SUMMARY ***
Total pot $0.37 | Rake $0 
Seat 1: pebete350 folded before Flop (didn't bet)
Seat 2: Dorex2007 folded before Flop (didn't bet)
Seat 3: gcagustin folded before Flop (didn't bet)
Seat 4: QualitySnoop folded before Flop
Seat 6: turco1152 (button) collected ($0.37)
Seat 7: JayJayJohnson (small blind) folded before Flop
Seat 8: badrun85 (big blind) folded before Flop
Seat 9: Amigu Urso folded before Flop (didn't bet)



PokerStars Hand #238861705392:  Hold'em No Limit ($0.02/$0.05 USD) - 2022/09/25 16:47:28 PT [2022/09/25 19:47:28 ET]
Table 'Wilkens III' 9-max Seat #7 is the button
Seat 1: pebete350 ($5 in chips) 
Seat 2: Dorex2007 ($7.79 in chips) 
Seat 3: gcagustin ($5.81 in chips) 
Seat 4: QualitySnoop ($5.36 in chips) 
Seat 6: turco1152 ($3.34 in chips) 
Seat 7: JayJayJohnson ($7.01 in chips) 
Seat 8: badrun85 ($7.01 in chips) 
Seat 9: Amigu Urso ($5.10 in chips) 
badrun85: posts small blind $0.02
Amigu Urso: posts big blind $0.05
*** HOLE CARDS ***
Dealt to Dorex2007 [As 3h]
pebete350: folds 
Dorex2007: folds 
gcagustin: folds 
QualitySnoop: folds 
turco1152: folds 
JayJayJohnson: folds 
badrun85: folds 
Uncalled bet ($0.03) returned to Amigu Urso
Amigu Urso collected $0.04 from pot
Amigu Urso: doesn't show hand 
*** SUMMARY ***
Total pot $0.04 | Rake $0 
Seat 1: pebete350 folded before Flop (didn't bet)
Seat 2: Dorex2007 folded before Flop (didn't bet)
Seat 3: gcagustin folded before Flop (didn't bet)
Seat 4: QualitySnoop folded before Flop (didn't bet)
Seat 6: turco1152 folded before Flop (didn't bet)
Seat 7: JayJayJohnson (button) folded before Flop (didn't bet)
Seat 8: badrun85 (small blind) folded before Flop
Seat 9: Amigu Urso (big blind) collected ($0.04)



PokerStars Hand #238861710724:  Hold'em No Limit ($0.02/$0.05 USD) - 2022/09/25 16:47:49 PT [2022/09/25 19:47:49 ET]
Table 'Wilkens III' 9-max Seat #8 is the button
Seat 1: pebete350 ($5 in chips) 
Seat 2: Dorex2007 ($7.79 in chips) 
Seat 3: gcagustin ($5.81 in chips) 
Seat 4: QualitySnoop ($5.36 in chips) 
Seat 6: turco1152 ($3.34 in chips) 
Seat 7: JayJayJohnson ($7.01 in chips) 
Seat 8: badrun85 ($6.99 in chips) 
Seat 9: Amigu Urso ($5.12 in chips) 
Amigu Urso: posts small blind $0.02
pebete350: posts big blind $0.05
*** HOLE CARDS ***
Dealt to Dorex2007 [7c Kc]
Dorex2007: folds 
gcagustin: calls $0.05
QualitySnoop: calls $0.05
turco1152: folds 
JayJayJohnson: folds 
badrun85: folds 
Amigu Urso: folds 
pebete350: checks 
*** FLOP *** [4d Kd 3s]
pebete350: checks 
gcagustin: checks 
QualitySnoop: bets $0.18
pebete350: folds 
gcagustin: folds 
Uncalled bet ($0.18) returned to QualitySnoop
QualitySnoop collected $0.16 from pot
*** SUMMARY ***
Total pot $0.17 | Rake $0.01 
Board [4d Kd 3s]
Seat 1: pebete350 (big blind) folded on the Flop
Seat 2: Dorex2007 folded before Flop (didn't bet)
Seat 3: gcagustin folded on the Flop
Seat 4: QualitySnoop collected ($0.16)
Seat 6: turco1152 folded before Flop (didn't bet)
Seat 7: JayJayJohnson folded before Flop (didn't bet)
Seat 8: badrun85 (button) folded before Flop (didn't bet)
Seat 9: Amigu Urso (small blind) folded before Flop



PokerStars Hand #238861720639:  Hold'em No Limit ($0.02/$0.05 USD) - 2022/09/25 16:48:29 PT [2022/09/25 19:48:29 ET]
Table 'Wilkens III' 9-max Seat #9 is the button
Seat 1: pebete350 ($5 in chips) 
Seat 2: Dorex2007 ($7.79 in chips) 
Seat 3: gcagustin ($5.76 in chips) 
Seat 4: QualitySnoop ($5.47 in chips) 
Seat 6: turco1152 ($3.34 in chips) 
Seat 7: JayJayJohnson ($7.01 in chips) 
Seat 8: badrun85 ($6.99 in chips) 
Seat 9: Amigu Urso ($5.10 in chips) 
pebete350: posts small blind $0.02
Dorex2007: posts big blind $0.05
*** HOLE CARDS ***
Dealt to Dorex2007 [8d Kc]
gcagustin: folds 
QualitySnoop: folds 
turco1152: folds 
JayJayJohnson: folds 
badrun85: folds 
Amigu Urso: calls $0.05
pebete350: folds 
Dorex2007: checks 
*** FLOP *** [Kd 7s Kh]
Dorex2007: checks 
Amigu Urso: bets $0.12
Dorex2007: calls $0.12
*** TURN *** [Kd 7s Kh] [Jc]
Dorex2007: checks 
Amigu Urso: checks 
*** RIVER *** [Kd 7s Kh Jc] [Jd]
Dorex2007: bets $0.17
Amigu Urso: folds 
Uncalled bet ($0.17) returned to Dorex2007
Dorex2007 collected $0.35 from pot
Dorex2007: doesn't show hand 
*** SUMMARY ***
Total pot $0.36 | Rake $0.01 
Board [Kd 7s Kh Jc Jd]
Seat 1: pebete350 (small blind) folded before Flop
Seat 2: Dorex2007 (big blind) collected ($0.35)
Seat 3: gcagustin folded before Flop (didn't bet)
Seat 4: QualitySnoop folded before Flop (didn't bet)
Seat 6: turco1152 folded before Flop (didn't bet)
Seat 7: JayJayJohnson folded before Flop (didn't bet)
Seat 8: badrun85 folded before Flop (didn't bet)
Seat 9: Amigu Urso (button) folded on the River



PokerStars Hand #238861733925:  Hold'em No Limit ($0.02/$0.05 USD) - 2022/09/25 16:49:20 PT [2022/09/25 19:49:20 ET]
Table 'Wilkens III' 9-max Seat #1 is the button
Seat 1: pebete350 ($5 in chips) 
Seat 2: Dorex2007 ($7.97 in chips) 
Seat 3: gcagustin ($5.76 in chips) 
Seat 4: QualitySnoop ($5.47 in chips) 
Seat 6: turco1152 ($3.34 in chips) 
Seat 7: JayJayJohnson ($7.01 in chips) 
Seat 8: badrun85 ($6.99 in chips) 
Seat 9: Amigu Urso ($4.93 in chips) 
Dorex2007: posts small blind $0.02
gcagustin: posts big blind $0.05
*** HOLE CARDS ***
Dealt to Dorex2007 [6d 7s]
QualitySnoop: calls $0.05
turco1152: folds 
JayJayJohnson: calls $0.05
badrun85: calls $0.05
Amigu Urso: calls $0.05
pebete350: calls $0.05
Dorex2007: folds 
gcagustin: checks 
*** FLOP *** [Td Ah 3h]
gcagustin: checks 
QualitySnoop: checks 
JayJayJohnson: checks 
badrun85: checks 
Amigu Urso: checks 
pebete350: checks 
*** TURN *** [Td Ah 3h] [4d]
gcagustin: checks 
QualitySnoop: checks 
JayJayJohnson: checks 
badrun85: checks 
Amigu Urso: checks 
pebete350: checks 
*** RIVER *** [Td Ah 3h 4d] [Tc]
gcagustin: checks 
QualitySnoop: bets $0.41
JayJayJohnson: folds 
badrun85: calls $0.41
Amigu Urso: folds 
pebete350: folds 
gcagustin: folds 
*** SHOW DOWN ***
QualitySnoop: shows [4c As] (two pair, Aces and Tens)
badrun85: shows [Th Kc] (three of a kind, Tens)
badrun85 collected $1.09 from pot
*** SUMMARY ***
Total pot $1.14 | Rake $0.05 
Board [Td Ah 3h 4d Tc]
Seat 1: pebete350 (button) folded on the River
Seat 2: Dorex2007 (small blind) folded before Flop
Seat 3: gcagustin (big blind) folded on the River
Seat 4: QualitySnoop showed [4c As] and lost with two pair, Aces and Tens
Seat 6: turco1152 folded before Flop (didn't bet)
Seat 7: JayJayJohnson folded on the River
Seat 8: badrun85 showed [Th Kc] and won ($1.09) with three of a kind, Tens
Seat 9: Amigu Urso folded on the River



PokerStars Hand #238861758159:  Hold'em No Limit ($0.02/$0.05 USD) - 2022/09/25 16:50:54 PT [2022/09/25 19:50:54 ET]
Table 'Wilkens III' 9-max Seat #2 is the button
Seat 1: pebete350 ($5 in chips) 
Seat 2: Dorex2007 ($7.95 in chips) 
Seat 3: gcagustin ($5.71 in chips) 
Seat 4: QualitySnoop ($5.01 in chips) 
Seat 6: turco1152 ($3.34 in chips) 
Seat 7: JayJayJohnson ($6.96 in chips) 
Seat 8: badrun85 ($7.62 in chips) 
Seat 9: Amigu Urso ($4.88 in chips) 
gcagustin: posts small blind $0.02
QualitySnoop: posts big blind $0.05
dovdon: sits out 
*** HOLE CARDS ***
Dealt to Dorex2007 [2d Ts]
turco1152: folds 
JayJayJohnson: folds 
badrun85: folds 
Amigu Urso: raises $0.05 to $0.10
pebete350: folds 
Dorex2007: folds 
gcagustin: folds 
QualitySnoop: raises $0.10 to $0.20
Amigu Urso: calls $0.10
*** FLOP *** [9s As 4c]
QualitySnoop: checks 
Amigu Urso: bets $0.20
QualitySnoop: calls $0.20
*** TURN *** [9s As 4c] [7d]
QualitySnoop: checks 
Amigu Urso: checks 
*** RIVER *** [9s As 4c 7d] [4s]
QualitySnoop: checks 
turco1152 leaves the table
Amigu Urso: checks 
*** SHOW DOWN ***
QualitySnoop: shows [7c Ac] (two pair, Aces and Sevens)
Amigu Urso: mucks hand 
QualitySnoop collected $0.79 from pot
*** SUMMARY ***
Total pot $0.82 | Rake $0.03 
Board [9s As 4c 7d 4s]
Seat 1: pebete350 folded before Flop (didn't bet)
Seat 2: Dorex2007 (button) folded before Flop (didn't bet)
Seat 3: gcagustin (small blind) folded before Flop
Seat 4: QualitySnoop (big blind) showed [7c Ac] and won ($0.79) with two pair, Aces and Sevens
Seat 6: turco1152 folded before Flop (didn't bet)
Seat 7: JayJayJohnson folded before Flop (didn't bet)
Seat 8: badrun85 folded before Flop (didn't bet)
Seat 9: Amigu Urso mucked [8c 8h]



PokerStars Hand #238861770793:  Hold'em No Limit ($0.02/$0.05 USD) - 2022/09/25 16:51:43 PT [2022/09/25 19:51:43 ET]
Table 'Wilkens III' 9-max Seat #3 is the button
Seat 1: pebete350 ($5 in chips) 
Seat 2: Dorex2007 ($7.95 in chips) 
Seat 3: gcagustin ($5.69 in chips) 
Seat 4: QualitySnoop ($5.40 in chips) 
Seat 5: dovdon ($5.33 in chips) 
Seat 7: JayJayJohnson ($6.96 in chips) 
Seat 8: badrun85 ($7.62 in chips) 
Seat 9: Amigu Urso ($4.48 in chips) 
QualitySnoop: posts small blind $0.02
dovdon: posts big blind $0.05
*** HOLE CARDS ***
Dealt to Dorex2007 [2s Kd]
JayJayJohnson: folds 
badrun85: folds 
Toriop joins the table at seat #6 
Amigu Urso: folds 
pebete350: folds 
Dorex2007: folds 
gcagustin: folds 
QualitySnoop: raises $0.10 to $0.15
dovdon: calls $0.10
*** FLOP *** [5s 5d Jd]
QualitySnoop: checks 
dovdon: checks 
*** TURN *** [5s 5d Jd] [6h]
QualitySnoop: bets $0.20
dovdon: folds 
Uncalled bet ($0.20) returned to QualitySnoop
QualitySnoop collected $0.29 from pot
*** SUMMARY ***
Total pot $0.30 | Rake $0.01 
Board [5s 5d Jd 6h]
Seat 1: pebete350 folded before Flop (didn't bet)
Seat 2: Dorex2007 folded before Flop (didn't bet)
Seat 3: gcagustin (button) folded before Flop (didn't bet)
Seat 4: QualitySnoop (small blind) collected ($0.29)
Seat 5: dovdon (big blind) folded on the Turn
Seat 7: JayJayJohnson folded before Flop (didn't bet)
Seat 8: badrun85 folded before Flop (didn't bet)
Seat 9: Amigu Urso folded before Flop (didn't bet)



PokerStars Hand #238861780895:  Hold'em No Limit ($0.02/$0.05 USD) - 2022/09/25 16:52:22 PT [2022/09/25 19:52:22 ET]
Table 'Wilkens III' 9-max Seat #4 is the button
Seat 1: pebete350 ($5 in chips) 
Seat 2: Dorex2007 ($7.95 in chips) 
Seat 3: gcagustin ($5.69 in chips) 
Seat 4: QualitySnoop ($5.54 in chips) 
Seat 5: dovdon ($5.18 in chips) 
Seat 6: Toriop ($4.31 in chips) 
Seat 7: JayJayJohnson ($6.96 in chips) 
Seat 8: badrun85 ($7.62 in chips) 
Seat 9: Amigu Urso ($4.48 in chips) 
dovdon: posts small blind $0.02
Toriop: posts big blind $0.05
*** HOLE CARDS ***
Dealt to Dorex2007 [2c 3c]
JayJayJohnson: folds 
badrun85: folds 
Amigu Urso: folds 
pebete350: folds 
Dorex2007: folds 
gcagustin: folds 
QualitySnoop: raises $0.10 to $0.15
dovdon: folds 
Toriop: calls $0.10
*** FLOP *** [7s Ks Ac]
Toriop: checks 
QualitySnoop: checks 
*** TURN *** [7s Ks Ac] [Qh]
Toriop: checks 
QualitySnoop: bets $0.15
Toriop: folds 
Uncalled bet ($0.15) returned to QualitySnoop
QualitySnoop collected $0.31 from pot
*** SUMMARY ***
Total pot $0.32 | Rake $0.01 
Board [7s Ks Ac Qh]
Seat 1: pebete350 folded before Flop (didn't bet)
Seat 2: Dorex2007 folded before Flop (didn't bet)
Seat 3: gcagustin folded before Flop (didn't bet)
Seat 4: QualitySnoop (button) collected ($0.31)
Seat 5: dovdon (small blind) folded before Flop
Seat 6: Toriop (big blind) folded on the Turn
Seat 7: JayJayJohnson folded before Flop (didn't bet)
Seat 8: badrun85 folded before Flop (didn't bet)
Seat 9: Amigu Urso folded before Flop (didn't bet)



PokerStars Hand #238861792162:  Hold'em No Limit ($0.02/$0.05 USD) - 2022/09/25 16:53:06 PT [2022/09/25 19:53:06 ET]
Table 'Wilkens III' 9-max Seat #5 is the button
Seat 1: pebete350 ($5 in chips) 
Seat 2: Dorex2007 ($7.95 in chips) 
Seat 3: gcagustin ($5.69 in chips) 
Seat 4: QualitySnoop ($5.70 in chips) 
Seat 5: dovdon ($5.16 in chips) 
Seat 6: Toriop ($4.16 in chips) 
Seat 7: JayJayJohnson ($6.96 in chips) 
Seat 8: badrun85 ($7.62 in chips) 
Seat 9: Amigu Urso ($4.48 in chips) 
Toriop: posts small blind $0.02
JayJayJohnson: posts big blind $0.05
*** HOLE CARDS ***
Dealt to Dorex2007 [As 4c]
badrun85: folds 
Amigu Urso: folds 
pebete350: folds 
Dorex2007: folds 
gcagustin: folds 
QualitySnoop: folds 
dovdon: folds 
Toriop: raises $0.05 to $0.10
JayJayJohnson: folds 
Uncalled bet ($0.05) returned to Toriop
Toriop collected $0.10 from pot
Toriop: doesn't show hand 
*** SUMMARY ***
Total pot $0.10 | Rake $0 
Seat 1: pebete350 folded before Flop (didn't bet)
Seat 2: Dorex2007 folded before Flop (didn't bet)
Seat 3: gcagustin folded before Flop (didn't bet)
Seat 4: QualitySnoop folded before Flop (didn't bet)
Seat 5: dovdon (button) folded before Flop (didn't bet)
Seat 6: Toriop (small blind) collected ($0.10)
Seat 7: JayJayJohnson (big blind) folded before Flop
Seat 8: badrun85 folded before Flop (didn't bet)
Seat 9: Amigu Urso folded before Flop (didn't bet)



PokerStars Hand #238861799230:  Hold'em No Limit ($0.02/$0.05 USD) - 2022/09/25 16:53:34 PT [2022/09/25 19:53:34 ET]
Table 'Wilkens III' 9-max Seat #6 is the button
Seat 1: pebete350 ($5 in chips) 
Seat 2: Dorex2007 ($7.95 in chips) 
Seat 3: gcagustin ($5.69 in chips) 
Seat 4: QualitySnoop ($5.70 in chips) 
Seat 5: dovdon ($5.16 in chips) 
Seat 6: Toriop ($4.21 in chips) 
Seat 7: JayJayJohnson ($6.91 in chips) 
Seat 8: badrun85 ($7.62 in chips) 
Seat 9: Amigu Urso ($4.48 in chips) 
JayJayJohnson: posts small blind $0.02
badrun85: posts big blind $0.05
*** HOLE CARDS ***
Dealt to Dorex2007 [Qd Qs]
Amigu Urso: folds 
pebete350: folds 
Dorex2007: raises $0.15 to $0.20
gcagustin: folds 
QualitySnoop: folds 
dovdon: folds 
Toriop: folds 
JayJayJohnson: folds 
badrun85: folds 
Uncalled bet ($0.15) returned to Dorex2007
Dorex2007 collected $0.12 from pot
Dorex2007: doesn't show hand 
*** SUMMARY ***
Total pot $0.12 | Rake $0 
Seat 1: pebete350 folded before Flop (didn't bet)
Seat 2: Dorex2007 collected ($0.12)
Seat 3: gcagustin folded before Flop (didn't bet)
Seat 4: QualitySnoop folded before Flop (didn't bet)
Seat 5: dovdon folded before Flop (didn't bet)
Seat 6: Toriop (button) folded before Flop (didn't bet)
Seat 7: JayJayJohnson (small blind) folded before Flop
Seat 8: badrun85 (big blind) folded before Flop
Seat 9: Amigu Urso folded before Flop (didn't bet)



PokerStars Hand #238861803070:  Hold'em No Limit ($0.02/$0.05 USD) - 2022/09/25 16:53:49 PT [2022/09/25 19:53:49 ET]
Table 'Wilkens III' 9-max Seat #7 is the button
Seat 1: pebete350 ($5 in chips) 
Seat 2: Dorex2007 ($8.02 in chips) 
Seat 3: gcagustin ($5.69 in chips) 
Seat 4: QualitySnoop ($5.70 in chips) 
Seat 5: dovdon ($5.16 in chips) 
Seat 6: Toriop ($4.21 in chips) 
Seat 7: JayJayJohnson ($6.89 in chips) 
Seat 8: badrun85 ($7.57 in chips) 
Seat 9: Amigu Urso ($4.48 in chips) 
badrun85: posts small blind $0.02
Amigu Urso: posts big blind $0.05
*** HOLE CARDS ***
Dealt to Dorex2007 [5h 8s]
pebete350: folds 
Dorex2007: folds 
gcagustin has timed out
gcagustin: folds 
QualitySnoop: folds 
dovdon: calls $0.05
Toriop: folds 
JayJayJohnson: folds 
badrun85: folds 
Amigu Urso: checks 
*** FLOP *** [6s 4d 6c]
Amigu Urso: checks 
dovdon: checks 
*** TURN *** [6s 4d 6c] [Th]
Amigu Urso: checks 
dovdon: checks 
*** RIVER *** [6s 4d 6c Th] [8h]
Amigu Urso: bets $0.06
dovdon: folds 
Uncalled bet ($0.06) returned to Amigu Urso
Amigu Urso collected $0.12 from pot
Amigu Urso: doesn't show hand 
*** SUMMARY ***
Total pot $0.12 | Rake $0 
Board [6s 4d 6c Th 8h]
Seat 1: pebete350 folded before Flop (didn't bet)
Seat 2: Dorex2007 folded before Flop (didn't bet)
Seat 3: gcagustin folded before Flop (didn't bet)
Seat 4: QualitySnoop folded before Flop (didn't bet)
Seat 5: dovdon folded on the River
Seat 6: Toriop folded before Flop (didn't bet)
Seat 7: JayJayJohnson (button) folded before Flop (didn't bet)
Seat 8: badrun85 (small blind) folded before Flop
Seat 9: Amigu Urso (big blind) collected ($0.12)



PokerStars Hand #238861818641:  Hold'em No Limit ($0.02/$0.05 USD) - 2022/09/25 16:54:51 PT [2022/09/25 19:54:51 ET]
Table 'Wilkens III' 9-max Seat #8 is the button
Seat 1: pebete350 ($5 in chips) 
Seat 2: Dorex2007 ($8.02 in chips) 
Seat 3: gcagustin ($5.69 in chips) 
Seat 4: QualitySnoop ($5.70 in chips) 
Seat 5: dovdon ($5.11 in chips) 
Seat 6: Toriop ($4.21 in chips) 
Seat 7: JayJayJohnson ($6.89 in chips) 
Seat 8: badrun85 ($7.55 in chips) 
Seat 9: Amigu Urso ($4.55 in chips) 
Amigu Urso: posts small blind $0.02
pebete350: posts big blind $0.05
*** HOLE CARDS ***
Dealt to Dorex2007 [Qh Ks]
Dorex2007: folds 
gcagustin: folds 
QualitySnoop: folds 
dovdon: folds 
Toriop: folds 
JayJayJohnson: folds 
badrun85: raises $0.06 to $0.11
Amigu Urso: folds 
pebete350: folds 
Uncalled bet ($0.06) returned to badrun85
badrun85 collected $0.12 from pot
badrun85: doesn't show hand 
*** SUMMARY ***
Total pot $0.12 | Rake $0 
Seat 1: pebete350 (big blind) folded before Flop
Seat 2: Dorex2007 folded before Flop (didn't bet)
Seat 3: gcagustin folded before Flop (didn't bet)
Seat 4: QualitySnoop folded before Flop (didn't bet)
Seat 5: dovdon folded before Flop (didn't bet)
Seat 6: Toriop folded before Flop (didn't bet)
Seat 7: JayJayJohnson folded before Flop (didn't bet)
Seat 8: badrun85 (button) collected ($0.12)
Seat 9: Amigu Urso (small blind) folded before Flop



PokerStars Hand #238861826630:  Hold'em No Limit ($0.02/$0.05 USD) - 2022/09/25 16:55:25 PT [2022/09/25 19:55:25 ET]
Table 'Wilkens III' 9-max Seat #9 is the button
Seat 1: pebete350 ($5 in chips) 
Seat 2: Dorex2007 ($8.02 in chips) 
Seat 3: gcagustin ($5.69 in chips) 
Seat 4: QualitySnoop ($5.70 in chips) 
Seat 5: dovdon ($5.11 in chips) 
Seat 6: Toriop ($4.21 in chips) 
Seat 7: JayJayJohnson ($6.89 in chips) 
Seat 8: badrun85 ($7.62 in chips) 
Seat 9: Amigu Urso ($4.53 in chips) 
pebete350: posts small blind $0.02
Dorex2007: posts big blind $0.05
*** HOLE CARDS ***
Dealt to Dorex2007 [8c 8h]
gcagustin: folds 
QualitySnoop: raises $0.15 to $0.20
dovdon: folds 
Toriop: folds 
JayJayJohnson: folds 
badrun85: folds 
Amigu Urso: folds 
pebete350: folds 
Dorex2007: calls $0.15
*** FLOP *** [6d Tc Jh]
Dorex2007: checks 
QualitySnoop: checks 
*** TURN *** [6d Tc Jh] [5c]
Dorex2007: bets $0.20
QualitySnoop: raises $0.20 to $0.40
Dorex2007: calls $0.20
*** RIVER *** [6d Tc Jh 5c] [4h]
Dorex2007: checks 
QualitySnoop: bets $0.58
Dorex2007: folds 
Uncalled bet ($0.58) returned to QualitySnoop
QualitySnoop collected $1.17 from pot
*** SUMMARY ***
Total pot $1.22 | Rake $0.05 
Board [6d Tc Jh 5c 4h]
Seat 1: pebete350 (small blind) folded before Flop
Seat 2: Dorex2007 (big blind) folded on the River
Seat 3: gcagustin folded before Flop (didn't bet)
Seat 4: QualitySnoop collected ($1.17)
Seat 5: dovdon folded before Flop (didn't bet)
Seat 6: Toriop folded before Flop (didn't bet)
Seat 7: JayJayJohnson folded before Flop (didn't bet)
Seat 8: badrun85 folded before Flop (didn't bet)
Seat 9: Amigu Urso (button) folded before Flop (didn't bet)



PokerStars Hand #238861834327:  Hold'em No Limit ($0.02/$0.05 USD) - 2022/09/25 16:56:01 PT [2022/09/25 19:56:01 ET]
Table 'Wilkens III' 9-max Seat #1 is the button
Seat 1: pebete350 ($5 in chips) 
Seat 2: Dorex2007 ($7.42 in chips) 
Seat 3: gcagustin ($5.69 in chips) 
Seat 4: QualitySnoop ($6.27 in chips) 
Seat 5: dovdon ($5.11 in chips) 
Seat 6: Toriop ($4.21 in chips) 
Seat 7: JayJayJohnson ($6.89 in chips) 
Seat 8: badrun85 ($7.62 in chips) 
Seat 9: Amigu Urso ($4.53 in chips) 
Dorex2007: posts small blind $0.02
gcagustin: posts big blind $0.05
*** HOLE CARDS ***
Dealt to Dorex2007 [7c Ks]
QualitySnoop: calls $0.05
dovdon: folds 
Toriop: folds 
JayJayJohnson: folds 
badrun85: folds 
Amigu Urso: folds 
pebete350: folds 
Dorex2007: folds 
gcagustin: checks 
*** FLOP *** [2s 9s 2h]
gcagustin: checks 
QualitySnoop: checks 
*** TURN *** [2s 9s 2h] [6s]
gcagustin: checks 
QualitySnoop: bets $0.15
gcagustin: folds 
Uncalled bet ($0.15) returned to QualitySnoop
QualitySnoop collected $0.12 from pot
*** SUMMARY ***
Total pot $0.12 | Rake $0 
Board [2s 9s 2h 6s]
Seat 1: pebete350 (button) folded before Flop (didn't bet)
Seat 2: Dorex2007 (small blind) folded before Flop
Seat 3: gcagustin (big blind) folded on the Turn
Seat 4: QualitySnoop collected ($0.12)
Seat 5: dovdon folded before Flop (didn't bet)
Seat 6: Toriop folded before Flop (didn't bet)
Seat 7: JayJayJohnson folded before Flop (didn't bet)
Seat 8: badrun85 folded before Flop (didn't bet)
Seat 9: Amigu Urso folded before Flop (didn't bet)



PokerStars Hand #238861846542:  Hold'em No Limit ($0.02/$0.05 USD) - 2022/09/25 16:56:58 PT [2022/09/25 19:56:58 ET]
Table 'Wilkens III' 9-max Seat #2 is the button
Seat 1: pebete350 ($5 in chips) 
Seat 2: Dorex2007 ($7.40 in chips) 
Seat 3: gcagustin ($5.64 in chips) 
Seat 4: QualitySnoop ($6.34 in chips) 
Seat 5: dovdon ($5.11 in chips) 
Seat 6: Toriop ($4.21 in chips) 
Seat 7: JayJayJohnson ($6.89 in chips) 
Seat 8: badrun85 ($7.62 in chips) 
Seat 9: Amigu Urso ($4.53 in chips) 
gcagustin: posts small blind $0.02
QualitySnoop: posts big blind $0.05
*** HOLE CARDS ***
Dealt to Dorex2007 [3d Th]
dovdon: calls $0.05
Toriop: calls $0.05
JayJayJohnson: folds 
badrun85: folds 
Amigu Urso: folds 
pebete350: raises $0.20 to $0.25
Dorex2007: folds 
gcagustin: folds 
QualitySnoop: folds 
dovdon: calls $0.20
Toriop: calls $0.20
*** FLOP *** [Ks 7c 6c]
dovdon: checks 
Toriop: checks 
pebete350: bets $0.43
dovdon: folds 
Toriop: folds 
Uncalled bet ($0.43) returned to pebete350
pebete350 collected $0.79 from pot
*** SUMMARY ***
Total pot $0.82 | Rake $0.03 
Board [Ks 7c 6c]
Seat 1: pebete350 collected ($0.79)
Seat 2: Dorex2007 (button) folded before Flop (didn't bet)
Seat 3: gcagustin (small blind) folded before Flop
Seat 4: QualitySnoop (big blind) folded before Flop
Seat 5: dovdon folded on the Flop
Seat 6: Toriop folded on the Flop
Seat 7: JayJayJohnson folded before Flop (didn't bet)
Seat 8: badrun85 folded before Flop (didn't bet)
Seat 9: Amigu Urso folded before Flop (didn't bet)



PokerStars Hand #238861856106:  Hold'em No Limit ($0.02/$0.05 USD) - 2022/09/25 16:57:42 PT [2022/09/25 19:57:42 ET]
Table 'Wilkens III' 9-max Seat #3 is the button
Seat 1: pebete350 ($5.54 in chips) 
Seat 2: Dorex2007 ($7.40 in chips) 
Seat 3: gcagustin ($5.62 in chips) 
Seat 4: QualitySnoop ($6.29 in chips) 
Seat 5: dovdon ($4.86 in chips) 
Seat 6: Toriop ($3.96 in chips) 
Seat 7: JayJayJohnson ($6.89 in chips) 
Seat 8: badrun85 ($7.62 in chips) 
Seat 9: Amigu Urso ($4.53 in chips) 
QualitySnoop: posts small blind $0.02
dovdon: posts big blind $0.05
*** HOLE CARDS ***
Dealt to Dorex2007 [Td 8d]
Toriop: calls $0.05
JayJayJohnson: folds 
badrun85: folds 
Amigu Urso: calls $0.05
pebete350: folds 
Dorex2007: folds 
gcagustin: folds 
QualitySnoop: calls $0.03
dovdon: checks 
*** FLOP *** [Jc 6s 6d]
QualitySnoop: checks 
dovdon: checks 
Toriop: checks 
Amigu Urso: checks 
*** TURN *** [Jc 6s 6d] [Qh]
QualitySnoop: bets $0.19
dovdon: folds 
Toriop: calls $0.19
Amigu Urso: folds 
*** RIVER *** [Jc 6s 6d Qh] [Qs]
QualitySnoop: checks 
Toriop: bets $0.56
QualitySnoop: folds 
Uncalled bet ($0.56) returned to Toriop
Toriop collected $0.56 from pot
Toriop: doesn't show hand 
*** SUMMARY ***
Total pot $0.58 | Rake $0.02 
Board [Jc 6s 6d Qh Qs]
Seat 1: pebete350 folded before Flop (didn't bet)
Seat 2: Dorex2007 folded before Flop (didn't bet)
Seat 3: gcagustin (button) folded before Flop (didn't bet)
Seat 4: QualitySnoop (small blind) folded on the River
Seat 5: dovdon (big blind) folded on the Turn
Seat 6: Toriop collected ($0.56)
Seat 7: JayJayJohnson folded before Flop (didn't bet)
Seat 8: badrun85 folded before Flop (didn't bet)
Seat 9: Amigu Urso folded on the Turn



PokerStars Hand #238861870125:  Hold'em No Limit ($0.02/$0.05 USD) - 2022/09/25 16:58:46 PT [2022/09/25 19:58:46 ET]
Table 'Wilkens III' 9-max Seat #4 is the button
Seat 1: pebete350 ($5.54 in chips) 
Seat 2: Dorex2007 ($7.40 in chips) 
Seat 3: gcagustin ($5.62 in chips) 
Seat 4: QualitySnoop ($6.05 in chips) 
Seat 5: dovdon ($4.81 in chips) 
Seat 6: Toriop ($4.28 in chips) 
Seat 7: JayJayJohnson ($6.89 in chips) 
Seat 8: badrun85 ($7.62 in chips) 
Seat 9: Amigu Urso ($4.48 in chips) 
dovdon: posts small blind $0.02
Toriop: posts big blind $0.05
*** HOLE CARDS ***
Dealt to Dorex2007 [Kh 8c]
JayJayJohnson: folds 
badrun85: raises $0.07 to $0.12
Amigu Urso: folds 
pebete350: folds 
Dorex2007: folds 
gcagustin: calls $0.12
QualitySnoop: folds 
dovdon: calls $0.10
Toriop: calls $0.07
*** FLOP *** [Qc 6h 5s]
dovdon: bets $0.46
Toriop: folds 
badrun85: folds 
gcagustin: calls $0.46
*** TURN *** [Qc 6h 5s] [Jh]
dovdon: bets $0.67
gcagustin: calls $0.67
*** RIVER *** [Qc 6h 5s Jh] [3c]
dovdon: bets $1.31
gcagustin: calls $1.31
*** SHOW DOWN ***
dovdon: shows [Js Qh] (two pair, Queens and Jacks)
gcagustin: mucks hand 
dovdon collected $5.14 from pot
*** SUMMARY ***
Total pot $5.36 | Rake $0.22 
Board [Qc 6h 5s Jh 3c]
Seat 1: pebete350 folded before Flop (didn't bet)
Seat 2: Dorex2007 folded before Flop (didn't bet)
Seat 3: gcagustin mucked [6c Ks]
Seat 4: QualitySnoop (button) folded before Flop (didn't bet)
Seat 5: dovdon (small blind) showed [Js Qh] and won ($5.14) with two pair, Queens and Jacks
Seat 6: Toriop (big blind) folded on the Flop
Seat 7: JayJayJohnson folded before Flop (didn't bet)
Seat 8: badrun85 folded on the Flop
Seat 9: Amigu Urso folded before Flop (didn't bet)



PokerStars Hand #238861880320:  Hold'em No Limit ($0.02/$0.05 USD) - 2022/09/25 16:59:33 PT [2022/09/25 19:59:33 ET]
Table 'Wilkens III' 9-max Seat #5 is the button
Seat 1: pebete350 ($5.54 in chips) 
Seat 2: Dorex2007 ($7.40 in chips) 
Seat 3: gcagustin ($3.06 in chips) 
Seat 4: QualitySnoop ($6.05 in chips) 
Seat 5: dovdon ($7.39 in chips) 
Seat 6: Toriop ($4.16 in chips) 
Seat 7: JayJayJohnson ($6.89 in chips) 
Seat 8: badrun85 ($7.50 in chips) 
Seat 9: Amigu Urso ($4.48 in chips) 
Toriop: posts small blind $0.02
JayJayJohnson: posts big blind $0.05
*** HOLE CARDS ***
Dealt to Dorex2007 [5d Jc]
badrun85: folds 
Amigu Urso: folds 
pebete350: folds 
Dorex2007: folds 
gcagustin: calls $0.05
QualitySnoop: raises $0.10 to $0.15
dovdon: calls $0.15
Toriop: folds 
JayJayJohnson: calls $0.10
gcagustin: calls $0.10
*** FLOP *** [9c 4s Th]
JayJayJohnson: checks 
gcagustin: bets $0.35
QualitySnoop: calls $0.35
dovdon: folds 
JayJayJohnson: folds 
*** TURN *** [9c 4s Th] [2c]
gcagustin: bets $1.27
QualitySnoop: raises $4.28 to $5.55 and is all-in
gcagustin: calls $1.29 and is all-in
Uncalled bet ($2.99) returned to QualitySnoop
*** RIVER *** [9c 4s Th 2c] [Qh]
*** SHOW DOWN ***
gcagustin: shows [8c 9d] (a pair of Nines)
QualitySnoop: shows [Kc Ts] (a pair of Tens)
QualitySnoop cashed out the hand for $5.41 | Cash Out Fee $0.05
*** SUMMARY ***
Total pot $6.44 | Rake $0.27 
Board [9c 4s Th 2c Qh]
Seat 1: pebete350 folded before Flop (didn't bet)
Seat 2: Dorex2007 folded before Flop (didn't bet)
Seat 3: gcagustin showed [8c 9d] and lost with a pair of Nines
Seat 4: QualitySnoop showed [Kc Ts] and won ($6.17) with a pair of Tens (pot not awarded as player cashed out)
Seat 5: dovdon (button) folded on the Flop
Seat 6: Toriop (small blind) folded before Flop
Seat 7: JayJayJohnson (big blind) folded on the Flop
Seat 8: badrun85 folded before Flop (didn't bet)
Seat 9: Amigu Urso folded before Flop (didn't bet)



PokerStars Hand #238861894364:  Hold'em No Limit ($0.02/$0.05 USD) - 2022/09/25 17:00:37 PT [2022/09/25 20:00:37 ET]
Table 'Wilkens III' 9-max Seat #6 is the button
Seat 1: pebete350 ($5.54 in chips) 
Seat 2: Dorex2007 ($7.40 in chips) 
Seat 4: QualitySnoop ($8.40 in chips) 
Seat 5: dovdon ($7.24 in chips) 
Seat 6: Toriop ($4.14 in chips) 
Seat 7: JayJayJohnson ($6.74 in chips) 
Seat 8: badrun85 ($7.50 in chips) 
Seat 9: Amigu Urso ($4.48 in chips) 
JayJayJohnson: posts small blind $0.02
badrun85: posts big blind $0.05
*** HOLE CARDS ***
Dealt to Dorex2007 [Jc Js]
Amigu Urso: folds 
gcagustin leaves the table
pebete350: folds 
Dorex2007: raises $0.15 to $0.20
QualitySnoop: folds 
geniopocker joins the table at seat #3 
dovdon: folds 
Toriop: raises $0.15 to $0.35
JayJayJohnson: folds 
badrun85: folds 
Dorex2007: calls $0.15
*** FLOP *** [8s 6h Qh]
Dorex2007: checks 
Toriop: bets $0.20
Dorex2007: folds 
Uncalled bet ($0.20) returned to Toriop
Toriop collected $0.74 from pot
Toriop: doesn't show hand 
*** SUMMARY ***
Total pot $0.77 | Rake $0.03 
Board [8s 6h Qh]
Seat 1: pebete350 folded before Flop (didn't bet)
Seat 2: Dorex2007 folded on the Flop
Seat 4: QualitySnoop folded before Flop (didn't bet)
Seat 5: dovdon folded before Flop (didn't bet)
Seat 6: Toriop (button) collected ($0.74)
Seat 7: JayJayJohnson (small blind) folded before Flop
Seat 8: badrun85 (big blind) folded before Flop
Seat 9: Amigu Urso folded before Flop (didn't bet)



PokerStars Hand #238861902517:  Hold'em No Limit ($0.02/$0.05 USD) - 2022/09/25 17:01:12 PT [2022/09/25 20:01:12 ET]
Table 'Wilkens III' 9-max Seat #7 is the button
Seat 1: pebete350 ($5.54 in chips) 
Seat 2: Dorex2007 ($7.05 in chips) 
Seat 4: QualitySnoop ($8.40 in chips) 
Seat 5: dovdon ($7.24 in chips) 
Seat 6: Toriop ($4.53 in chips) 
Seat 7: JayJayJohnson ($6.72 in chips) 
Seat 8: badrun85 ($7.45 in chips) 
Seat 9: Amigu Urso ($4.48 in chips) 
badrun85: posts small blind $0.02
Amigu Urso: posts big blind $0.05
geniopocker: sits out 
*** HOLE CARDS ***
Dealt to Dorex2007 [6s Ts]
pebete350: folds 
Dorex2007: folds 
QualitySnoop: folds 
dovdon: folds 
Toriop: raises $0.05 to $0.10
JayJayJohnson: calls $0.10
badrun85: folds 
Amigu Urso: calls $0.05
*** FLOP *** [6c Kc 9c]
Amigu Urso: bets $0.15
Toriop: calls $0.15
JayJayJohnson: folds 
*** TURN *** [6c Kc 9c] [4c]
Amigu Urso: checks 
Toriop: bets $0.10
Amigu Urso: folds 
Uncalled bet ($0.10) returned to Toriop
Toriop collected $0.59 from pot
Toriop: doesn't show hand 
*** SUMMARY ***
Total pot $0.62 | Rake $0.03 
Board [6c Kc 9c 4c]
Seat 1: pebete350 folded before Flop (didn't bet)
Seat 2: Dorex2007 folded before Flop (didn't bet)
Seat 4: QualitySnoop folded before Flop (didn't bet)
Seat 5: dovdon folded before Flop (didn't bet)
Seat 6: Toriop collected ($0.59)
Seat 7: JayJayJohnson (button) folded on the Flop
Seat 8: badrun85 (small blind) folded before Flop
Seat 9: Amigu Urso (big blind) folded on the Turn



PokerStars Hand #238861913388:  Hold'em No Limit ($0.02/$0.05 USD) - 2022/09/25 17:01:57 PT [2022/09/25 20:01:57 ET]
Table 'Wilkens III' 9-max Seat #8 is the button
Seat 1: pebete350 ($5.54 in chips) 
Seat 2: Dorex2007 ($7.05 in chips) 
Seat 4: QualitySnoop ($8.40 in chips) 
Seat 5: dovdon ($7.24 in chips) 
Seat 6: Toriop ($4.87 in chips) 
Seat 7: JayJayJohnson ($6.62 in chips) 
Seat 8: badrun85 ($7.43 in chips) 
Seat 9: Amigu Urso ($4.23 in chips) 
Amigu Urso: posts small blind $0.02
pebete350: posts big blind $0.05
geniopocker: sits out 
*** HOLE CARDS ***
Dealt to Dorex2007 [Kc 3s]
Dorex2007: folds 
QualitySnoop: folds 
dovdon: folds 
Toriop: folds 
JayJayJohnson: folds 
badrun85: raises $0.07 to $0.12
Amigu Urso: calls $0.10
pebete350: calls $0.07
*** FLOP *** [Th 9s 4h]
Amigu Urso: bets $0.17
pebete350: calls $0.17
badrun85: calls $0.17
*** TURN *** [Th 9s 4h] [Td]
Amigu Urso: checks 
pebete350: checks 
badrun85: bets $0.60
pebete350 is disconnected 
Toriop is disconnected 
Amigu Urso is connected 
Amigu Urso: folds 
Dorex2007 is disconnected 
JayJayJohnson is disconnected 
geniopocker is disconnected 
QualitySnoop is disconnected 
Amigu Urso is disconnected 
badrun85 is disconnected 
pebete350 has timed out while disconnected
pebete350: folds 
Uncalled bet ($0.60) returned to badrun85
badrun85 collected $0.83 from pot
*** SUMMARY ***
Total pot $0.87 | Rake $0.04 
Board [Th 9s 4h Td]
Seat 1: pebete350 (big blind) folded on the Turn
Seat 2: Dorex2007 folded before Flop (didn't bet)
Seat 4: QualitySnoop folded before Flop (didn't bet)
Seat 5: dovdon folded before Flop (didn't bet)
Seat 6: Toriop folded before Flop (didn't bet)
Seat 7: JayJayJohnson folded before Flop (didn't bet)
Seat 8: badrun85 (button) collected ($0.83)
Seat 9: Amigu Urso (small blind) folded on the Turn



