PokerStars Hand #233870565969:  Hold'em No Limit ($0.01/$0.02 USD) - 2022/02/07 13:35:48 PT [2022/02/07 16:35:48 ET]
Table 'Hygiea IV' 9-max Seat #8 is the button
Seat 1: 1Cerebrum ($2.09 in chips) 
Seat 2: BorissiriS ($0.80 in chips) 
Seat 3: VilpPS ($2 in chips) 
Seat 4: ZZZPredator ($1.68 in chips) 
Seat 6: Rbst777 ($1.07 in chips) 
Seat 7: Dorex2007 ($2 in chips) 
Seat 8: makentoshennn ($4.36 in chips) 
Seat 9: ivanxx007 ($0.76 in chips) 
ivanxx007: posts small blind $0.01
1Cerebrum: posts big blind $0.02
Dorex2007: posts big blind $0.02
*** HOLE CARDS ***
Dealt to Dorex2007 [7h Ac]
BorissiriS: folds 
VilpPS: folds 
ZZZPredator: folds 
Rbst777: calls $0.02
Dorex2007: checks 
makentoshennn: folds 
ivanxx007: folds 
1Cerebrum: raises $0.08 to $0.10
Rbst777: calls $0.08
Dorex2007: folds 
*** FLOP *** [2h 4s 9h]
1Cerebrum: bets $0.08
Rbst777: calls $0.08
*** TURN *** [2h 4s 9h] [Th]
1Cerebrum: bets $0.14
Rbst777: calls $0.14
*** RIVER *** [2h 4s 9h Th] [As]
1Cerebrum: bets $0.32
Rbst777: folds 
Uncalled bet ($0.32) returned to 1Cerebrum
1Cerebrum collected $0.65 from pot
*** SUMMARY ***
Total pot $0.67 | Rake $0.02 
Board [2h 4s 9h Th As]
Seat 1: 1Cerebrum (big blind) collected ($0.65)
Seat 2: BorissiriS folded before Flop (didn't bet)
Seat 3: VilpPS folded before Flop (didn't bet)
Seat 4: ZZZPredator folded before Flop (didn't bet)
Seat 6: Rbst777 folded on the River
Seat 7: Dorex2007 folded before Flop (didn't bet)
Seat 8: makentoshennn (button) folded before Flop (didn't bet)
Seat 9: ivanxx007 (small blind) folded before Flop



PokerStars Hand #233870612462:  Hold'em No Limit ($0.01/$0.02 USD) - 2022/02/07 13:37:09 PT [2022/02/07 16:37:09 ET]
Table 'Hygiea IV' 9-max Seat #9 is the button
Seat 1: 1Cerebrum ($2.42 in chips) 
Seat 2: BorissiriS ($0.80 in chips) 
Seat 3: VilpPS ($2 in chips) 
Seat 4: ZZZPredator ($1.68 in chips) 
Seat 5: Pedrohvulcan ($2 in chips) 
Seat 6: Rbst777 ($0.75 in chips) 
Seat 7: Dorex2007 ($2 in chips) 
Seat 8: makentoshennn ($4.36 in chips) 
Seat 9: ivanxx007 ($0.75 in chips) 
1Cerebrum: posts small blind $0.01
BorissiriS: posts big blind $0.02
*** HOLE CARDS ***
Dealt to Dorex2007 [Kh Kd]
VilpPS: folds 
ZZZPredator: folds 
Pedrohvulcan: folds 
Rbst777: folds 
Dorex2007: raises $0.10 to $0.12
makentoshennn: folds 
ivanxx007: folds 
1Cerebrum: calls $0.11
BorissiriS: folds 
*** FLOP *** [4c Td 9h]
1Cerebrum: checks 
Dorex2007: bets $0.25
1Cerebrum: calls $0.25
*** TURN *** [4c Td 9h] [Ac]
1Cerebrum: checks 
Dorex2007: bets $0.16
1Cerebrum: raises $0.22 to $0.38
Dorex2007: folds 
Uncalled bet ($0.22) returned to 1Cerebrum
1Cerebrum collected $1.04 from pot
*** SUMMARY ***
Total pot $1.08 | Rake $0.04 
Board [4c Td 9h Ac]
Seat 1: 1Cerebrum (small blind) collected ($1.04)
Seat 2: BorissiriS (big blind) folded before Flop
Seat 3: VilpPS folded before Flop (didn't bet)
Seat 4: ZZZPredator folded before Flop (didn't bet)
Seat 5: Pedrohvulcan folded before Flop (didn't bet)
Seat 6: Rbst777 folded before Flop (didn't bet)
Seat 7: Dorex2007 folded on the Turn
Seat 8: makentoshennn folded before Flop (didn't bet)
Seat 9: ivanxx007 (button) folded before Flop (didn't bet)



PokerStars Hand #233870661836:  Hold'em No Limit ($0.01/$0.02 USD) - 2022/02/07 13:38:35 PT [2022/02/07 16:38:35 ET]
Table 'Hygiea IV' 9-max Seat #1 is the button
Seat 1: 1Cerebrum ($2.93 in chips) 
Seat 2: BorissiriS ($0.80 in chips) 
Seat 3: VilpPS ($2 in chips) 
Seat 4: ZZZPredator ($1.68 in chips) 
Seat 5: Pedrohvulcan ($2 in chips) 
Seat 6: Rbst777 ($0.75 in chips) 
Seat 7: Dorex2007 ($2 in chips) 
Seat 8: makentoshennn ($4.36 in chips) 
Seat 9: ivanxx007 ($0.75 in chips) 
BorissiriS: posts small blind $0.01
VilpPS: posts big blind $0.02
*** HOLE CARDS ***
Dealt to Dorex2007 [8c 4h]
ZZZPredator has timed out
ZZZPredator: folds 
Pedrohvulcan: folds 
Rbst777: folds 
Dorex2007: folds 
makentoshennn: folds 
ivanxx007: folds 
1Cerebrum said, "i had q4"
ZZZPredator leaves the table
1Cerebrum said, "lol"
1Cerebrum has timed out
1Cerebrum: folds 
BorissiriS: calls $0.01
1Cerebrum said, "did you have jj or qq?"
VilpPS: checks 
*** FLOP *** [5d 5h 7h]
BorissiriS: bets $0.02
VilpPS: calls $0.02
*** TURN *** [5d 5h 7h] [6h]
BorissiriS: checks 
VilpPS: checks 
*** RIVER *** [5d 5h 7h 6h] [5s]
BorissiriS: bets $0.02
VilpPS: calls $0.02
*** SHOW DOWN ***
BorissiriS: shows [Ks 6s] (a full house, Fives full of Sixes)
VilpPS: shows [Ac 7s] (a full house, Fives full of Sevens)
VilpPS collected $0.12 from pot
*** SUMMARY ***
Total pot $0.12 | Rake $0 
Board [5d 5h 7h 6h 5s]
Seat 1: 1Cerebrum (button) folded before Flop (didn't bet)
Seat 2: BorissiriS (small blind) showed [Ks 6s] and lost with a full house, Fives full of Sixes
Seat 3: VilpPS (big blind) showed [Ac 7s] and won ($0.12) with a full house, Fives full of Sevens
Seat 4: ZZZPredator folded before Flop (didn't bet)
Seat 5: Pedrohvulcan folded before Flop (didn't bet)
Seat 6: Rbst777 folded before Flop (didn't bet)
Seat 7: Dorex2007 folded before Flop (didn't bet)
Seat 8: makentoshennn folded before Flop (didn't bet)
Seat 9: ivanxx007 folded before Flop (didn't bet)



PokerStars Hand #233870699918:  Hold'em No Limit ($0.01/$0.02 USD) - 2022/02/07 13:39:42 PT [2022/02/07 16:39:42 ET]
Table 'Hygiea IV' 9-max Seat #2 is the button
Seat 1: 1Cerebrum ($2.93 in chips) 
Seat 2: BorissiriS ($0.80 in chips) 
Seat 3: VilpPS ($2.06 in chips) 
Seat 5: Pedrohvulcan ($2 in chips) 
Seat 6: Rbst777 ($0.75 in chips) 
Seat 7: Dorex2007 ($2 in chips) 
Seat 8: makentoshennn ($4.36 in chips) 
Seat 9: ivanxx007 ($0.75 in chips) 
VilpPS: posts small blind $0.01
Pedrohvulcan: posts big blind $0.02
*** HOLE CARDS ***
Dealt to Dorex2007 [Kd 5d]
Rbst777: folds 
Dorex2007: folds 
makentoshennn: calls $0.02
ivanxx007: folds 
1Cerebrum: raises $0.04 to $0.06
Dorex2007 said, "KK"
1Cerebrum said, ")"
BorissiriS: folds 
VilpPS: folds 
Pedrohvulcan: calls $0.04
1Cerebrum said, "i wanted to have some fun before sleep)"
makentoshennn: raises $0.08 to $0.14
1Cerebrum: calls $0.08
Pedrohvulcan: folds 
*** FLOP *** [4d 9h 6s]
makentoshennn: checks 
1Cerebrum: bets $0.12
makentoshennn: raises $0.12 to $0.24
1Cerebrum: raises $0.34 to $0.58
makentoshennn: folds 
Uncalled bet ($0.34) returned to 1Cerebrum
1Cerebrum collected $0.80 from pot
*** SUMMARY ***
Total pot $0.83 | Rake $0.03 
Board [4d 9h 6s]
Seat 1: 1Cerebrum collected ($0.80)
Seat 2: BorissiriS (button) folded before Flop (didn't bet)
Seat 3: VilpPS (small blind) folded before Flop
Seat 5: Pedrohvulcan (big blind) folded before Flop
Seat 6: Rbst777 folded before Flop (didn't bet)
Seat 7: Dorex2007 folded before Flop (didn't bet)
Seat 8: makentoshennn folded on the Flop
Seat 9: ivanxx007 folded before Flop (didn't bet)



PokerStars Hand #233870749811:  Hold'em No Limit ($0.01/$0.02 USD) - 2022/02/07 13:41:10 PT [2022/02/07 16:41:10 ET]
Table 'Hygiea IV' 9-max Seat #3 is the button
Seat 1: 1Cerebrum ($3.35 in chips) 
Seat 2: BorissiriS ($0.80 in chips) 
Seat 3: VilpPS ($2.05 in chips) 
Seat 5: Pedrohvulcan ($1.94 in chips) 
Seat 6: Rbst777 ($0.75 in chips) 
Seat 7: Dorex2007 ($2 in chips) 
Seat 8: makentoshennn ($3.98 in chips) 
Seat 9: ivanxx007 ($0.75 in chips) 
Pedrohvulcan: posts small blind $0.01
Rbst777: posts big blind $0.02
*** HOLE CARDS ***
Dealt to Dorex2007 [Qh Th]
Dorex2007: raises $0.02 to $0.04
makentoshennn: folds 
ivanxx007: folds 
1Cerebrum: raises $0.08 to $0.12
BorissiriS: folds 
VilpPS: folds 
Pedrohvulcan: folds 
Rbst777: folds 
Dorex2007: folds 
Uncalled bet ($0.08) returned to 1Cerebrum
1Cerebrum collected $0.11 from pot
*** SUMMARY ***
Total pot $0.11 | Rake $0 
Seat 1: 1Cerebrum collected ($0.11)
Seat 2: BorissiriS folded before Flop (didn't bet)
Seat 3: VilpPS (button) folded before Flop (didn't bet)
Seat 5: Pedrohvulcan (small blind) folded before Flop
Seat 6: Rbst777 (big blind) folded before Flop
Seat 7: Dorex2007 folded before Flop
Seat 8: makentoshennn folded before Flop (didn't bet)
Seat 9: ivanxx007 folded before Flop (didn't bet)



PokerStars Hand #233870766572:  Hold'em No Limit ($0.01/$0.02 USD) - 2022/02/07 13:41:39 PT [2022/02/07 16:41:39 ET]
Table 'Hygiea IV' 9-max Seat #5 is the button
Seat 1: 1Cerebrum ($3.42 in chips) 
Seat 2: BorissiriS ($0.80 in chips) 
Seat 3: VilpPS ($2.05 in chips) 
Seat 5: Pedrohvulcan ($1.93 in chips) 
Seat 6: Rbst777 ($0.73 in chips) 
Seat 7: Dorex2007 ($2 in chips) 
Seat 8: makentoshennn ($3.98 in chips) 
Seat 9: ivanxx007 ($0.75 in chips) 
Rbst777: posts small blind $0.01
Dorex2007: posts big blind $0.02
*** HOLE CARDS ***
Dealt to Dorex2007 [8s Ah]
makentoshennn: folds 
ivanxx007: folds 
1Cerebrum: raises $0.04 to $0.06
BorissiriS: folds 
VilpPS: folds 
Pedrohvulcan: calls $0.06
Rbst777: folds 
Dorex2007: folds 
*** FLOP *** [4s 7d Kh]
1Cerebrum: checks 
Pedrohvulcan: bets $0.07
Paty Doll726 joins the table at seat #4 
1Cerebrum: folds 
Uncalled bet ($0.07) returned to Pedrohvulcan
Pedrohvulcan collected $0.14 from pot
Pedrohvulcan: doesn't show hand 
*** SUMMARY ***
Total pot $0.15 | Rake $0.01 
Board [4s 7d Kh]
Seat 1: 1Cerebrum folded on the Flop
Seat 2: BorissiriS folded before Flop (didn't bet)
Seat 3: VilpPS folded before Flop (didn't bet)
Seat 5: Pedrohvulcan (button) collected ($0.14)
Seat 6: Rbst777 (small blind) folded before Flop
Seat 7: Dorex2007 (big blind) folded before Flop
Seat 8: makentoshennn folded before Flop (didn't bet)
Seat 9: ivanxx007 folded before Flop (didn't bet)



PokerStars Hand #233870780797:  Hold'em No Limit ($0.01/$0.02 USD) - 2022/02/07 13:42:04 PT [2022/02/07 16:42:04 ET]
Table 'Hygiea IV' 9-max Seat #6 is the button
Seat 1: 1Cerebrum ($3.36 in chips) 
Seat 2: BorissiriS ($0.80 in chips) 
Seat 3: VilpPS ($2.05 in chips) 
Seat 5: Pedrohvulcan ($2.01 in chips) 
Seat 6: Rbst777 ($0.72 in chips) 
Seat 7: Dorex2007 ($2 in chips) 
Seat 8: makentoshennn ($3.98 in chips) 
Seat 9: ivanxx007 ($0.75 in chips) 
Dorex2007: posts small blind $0.01
makentoshennn: posts big blind $0.02
Paty Doll726: sits out 
*** HOLE CARDS ***
Dealt to Dorex2007 [2d 3s]
ivanxx007: folds 
1Cerebrum: folds 
BorissiriS: folds 
VilpPS: folds 
Pedrohvulcan: raises $0.04 to $0.06
1Cerebrum said, "gg all thanks"
Rbst777: calls $0.06
Dorex2007: folds 
1Cerebrum said, "for the game"
makentoshennn: calls $0.04
*** FLOP *** [5s As 4s]
makentoshennn: bets $0.18
Pedrohvulcan: folds 
Rbst777: raises $0.18 to $0.36
makentoshennn: raises $3.14 to $3.50
Rbst777: calls $0.30 and is all-in
Uncalled bet ($2.84) returned to makentoshennn
*** TURN *** [5s As 4s] [9c]
*** RIVER *** [5s As 4s 9c] [6h]
*** SHOW DOWN ***
makentoshennn: shows [5h Ad] (two pair, Aces and Fives)
Rbst777: shows [Qs Kh] (high card Ace)
makentoshennn collected $1.46 from pot
*** SUMMARY ***
Total pot $1.51 | Rake $0.05 
Board [5s As 4s 9c 6h]
Seat 1: 1Cerebrum folded before Flop (didn't bet)
Seat 2: BorissiriS folded before Flop (didn't bet)
Seat 3: VilpPS folded before Flop (didn't bet)
Seat 5: Pedrohvulcan folded on the Flop
Seat 6: Rbst777 (button) showed [Qs Kh] and lost with high card Ace
Seat 7: Dorex2007 (small blind) folded before Flop
Seat 8: makentoshennn (big blind) showed [5h Ad] and won ($1.46) with two pair, Aces and Fives
Seat 9: ivanxx007 folded before Flop (didn't bet)



PokerStars Hand #233870823101:  Hold'em No Limit ($0.01/$0.02 USD) - 2022/02/07 13:43:20 PT [2022/02/07 16:43:20 ET]
Table 'Hygiea IV' 9-max Seat #7 is the button
Seat 2: BorissiriS ($0.80 in chips) 
Seat 3: VilpPS ($2.05 in chips) 
Seat 5: Pedrohvulcan ($1.95 in chips) 
Seat 7: Dorex2007 ($2 in chips) 
Seat 8: makentoshennn ($4.72 in chips) 
Seat 9: ivanxx007 ($0.75 in chips) 
makentoshennn: posts small blind $0.01
ivanxx007: posts big blind $0.02
Paty Doll726: sits out 
*** HOLE CARDS ***
Dealt to Dorex2007 [3c 6s]
1Cerebrum leaves the table
BorissiriS: folds 
VilpPS: folds 
Pedrohvulcan: folds 
Dorex2007: folds 
makentoshennn: folds 
Uncalled bet ($0.01) returned to ivanxx007
Solo MW joins the table at seat #1 
ivanxx007 collected $0.02 from pot
ivanxx007: doesn't show hand 
*** SUMMARY ***
Total pot $0.02 | Rake $0 
Seat 2: BorissiriS folded before Flop (didn't bet)
Seat 3: VilpPS folded before Flop (didn't bet)
Seat 5: Pedrohvulcan folded before Flop (didn't bet)
Seat 7: Dorex2007 (button) folded before Flop (didn't bet)
Seat 8: makentoshennn (small blind) folded before Flop
Seat 9: ivanxx007 (big blind) collected ($0.02)



PokerStars Hand #233870829806:  Hold'em No Limit ($0.01/$0.02 USD) - 2022/02/07 13:43:32 PT [2022/02/07 16:43:32 ET]
Table 'Hygiea IV' 9-max Seat #8 is the button
Seat 1: Solo MW ($1 in chips) 
Seat 2: BorissiriS ($0.80 in chips) 
Seat 3: VilpPS ($2.05 in chips) 
Seat 5: Pedrohvulcan ($1.95 in chips) 
Seat 6: Rbst777 ($2 in chips) 
Seat 7: Dorex2007 ($2 in chips) 
Seat 8: makentoshennn ($4.71 in chips) 
Seat 9: ivanxx007 ($0.76 in chips) 
ivanxx007: posts small blind $0.01
Solo MW: posts big blind $0.02
Paty Doll726: sits out 
*** HOLE CARDS ***
Dealt to Dorex2007 [8d Td]
BorissiriS: folds 
VilpPS: folds 
Pedrohvulcan: calls $0.02
Rbst777: folds 
Dorex2007: folds 
makentoshennn: folds 
makentoshennn leaves the table
ivanxx007: raises $0.08 to $0.10
Solo MW: folds 
Pedrohvulcan: calls $0.08
*** FLOP *** [6d 4d 8h]
ivanxx007: checks 
Pedrohvulcan: checks 
*** TURN *** [6d 4d 8h] [Js]
ivanxx007: bets $0.10
Pedrohvulcan: calls $0.10
*** RIVER *** [6d 4d 8h Js] [Qs]
ivanxx007: checks 
Pedrohvulcan: bets $0.20
Paty Doll726 leaves the table
ivanxx007: calls $0.20
*** SHOW DOWN ***
Pedrohvulcan: shows [9s Qd] (a pair of Queens)
ivanxx007: mucks hand 
Pedrohvulcan collected $0.79 from pot
*** SUMMARY ***
Total pot $0.82 | Rake $0.03 
Board [6d 4d 8h Js Qs]
Seat 1: Solo MW (big blind) folded before Flop
Seat 2: BorissiriS folded before Flop (didn't bet)
Seat 3: VilpPS folded before Flop (didn't bet)
Seat 5: Pedrohvulcan showed [9s Qd] and won ($0.79) with a pair of Queens
Seat 6: Rbst777 folded before Flop (didn't bet)
Seat 7: Dorex2007 folded before Flop (didn't bet)
Seat 8: makentoshennn (button) folded before Flop (didn't bet)
Seat 9: ivanxx007 (small blind) mucked [Jd Ah]



PokerStars Hand #233870876984:  Hold'em No Limit ($0.01/$0.02 USD) - 2022/02/07 13:44:57 PT [2022/02/07 16:44:57 ET]
Table 'Hygiea IV' 9-max Seat #9 is the button
Seat 1: Solo MW ($1 in chips) 
Seat 2: BorissiriS ($0.80 in chips) 
Seat 3: VilpPS ($2.05 in chips) 
Seat 5: Pedrohvulcan ($2.34 in chips) 
Seat 6: Rbst777 ($2 in chips) 
Seat 7: Dorex2007 ($2 in chips) 
Seat 9: ivanxx007 ($0.36 in chips) 
Solo MW: posts small blind $0.01
BorissiriS: posts big blind $0.02
*** HOLE CARDS ***
Dealt to Dorex2007 [Qh Kc]
VilpPS: folds 
Pedrohvulcan: folds 
Rbst777: folds 
Dorex2007: raises $0.04 to $0.06
ivanxx007: folds 
Paty Doll726 joins the table at seat #8 
Solo MW: folds 
BorissiriS: folds 
Uncalled bet ($0.04) returned to Dorex2007
Dorex2007 collected $0.05 from pot
Dorex2007: doesn't show hand 
*** SUMMARY ***
Total pot $0.05 | Rake $0 
Seat 1: Solo MW (small blind) folded before Flop
Seat 2: BorissiriS (big blind) folded before Flop
Seat 3: VilpPS folded before Flop (didn't bet)
Seat 5: Pedrohvulcan folded before Flop (didn't bet)
Seat 6: Rbst777 folded before Flop (didn't bet)
Seat 7: Dorex2007 collected ($0.05)
Seat 9: ivanxx007 (button) folded before Flop (didn't bet)



PokerStars Hand #233870894011:  Hold'em No Limit ($0.01/$0.02 USD) - 2022/02/07 13:45:26 PT [2022/02/07 16:45:26 ET]
Table 'Hygiea IV' 9-max Seat #1 is the button
Seat 1: Solo MW ($1 in chips) 
Seat 2: BorissiriS ($0.80 in chips) 
Seat 3: VilpPS ($2.05 in chips) 
Seat 5: Pedrohvulcan ($2.34 in chips) 
Seat 6: Rbst777 ($2 in chips) 
Seat 7: Dorex2007 ($2.03 in chips) 
Seat 9: ivanxx007 ($0.36 in chips) 
BorissiriS: posts small blind $0.01
VilpPS: posts big blind $0.02
Paty Doll726: sits out 
*** HOLE CARDS ***
Dealt to Dorex2007 [2d 7d]
Pedrohvulcan: calls $0.02
Rbst777: folds 
Dorex2007: folds 
ivanxx007: folds 
Solo MW: folds 
BorissiriS: folds 
VilpPS: checks 
*** FLOP *** [Ts 3c 9c]
VilpPS: checks 
Pedrohvulcan: bets $0.02
VilpPS: folds 
Uncalled bet ($0.02) returned to Pedrohvulcan
Pedrohvulcan collected $0.05 from pot
Pedrohvulcan: doesn't show hand 
*** SUMMARY ***
Total pot $0.05 | Rake $0 
Board [Ts 3c 9c]
Seat 1: Solo MW (button) folded before Flop (didn't bet)
Seat 2: BorissiriS (small blind) folded before Flop
Seat 3: VilpPS (big blind) folded on the Flop
Seat 5: Pedrohvulcan collected ($0.05)
Seat 6: Rbst777 folded before Flop (didn't bet)
Seat 7: Dorex2007 folded before Flop (didn't bet)
Seat 9: ivanxx007 folded before Flop (didn't bet)



PokerStars Hand #233870908322:  Hold'em No Limit ($0.01/$0.02 USD) - 2022/02/07 13:45:52 PT [2022/02/07 16:45:52 ET]
Table 'Hygiea IV' 9-max Seat #2 is the button
Seat 1: Solo MW ($1 in chips) 
Seat 2: BorissiriS ($0.80 in chips) 
Seat 3: VilpPS ($2.03 in chips) 
Seat 5: Pedrohvulcan ($2.37 in chips) 
Seat 6: Rbst777 ($2 in chips) 
Seat 7: Dorex2007 ($2.03 in chips) 
Seat 9: ivanxx007 ($0.36 in chips) 
VilpPS: posts small blind $0.01
Pedrohvulcan: posts big blind $0.02
Paty Doll726: sits out 
*** HOLE CARDS ***
Dealt to Dorex2007 [Js Qd]
Rbst777: folds 
Dorex2007: folds 
mathplayer joins the table at seat #4 
ivanxx007: raises $0.04 to $0.06
Solo MW: folds 
BorissiriS: folds 
VilpPS: folds 
Pedrohvulcan: folds 
Uncalled bet ($0.04) returned to ivanxx007
ivanxx007 collected $0.05 from pot
ivanxx007: doesn't show hand 
*** SUMMARY ***
Total pot $0.05 | Rake $0 
Seat 1: Solo MW folded before Flop (didn't bet)
Seat 2: BorissiriS (button) folded before Flop (didn't bet)
Seat 3: VilpPS (small blind) folded before Flop
Seat 5: Pedrohvulcan (big blind) folded before Flop
Seat 6: Rbst777 folded before Flop (didn't bet)
Seat 7: Dorex2007 folded before Flop (didn't bet)
Seat 9: ivanxx007 collected ($0.05)



PokerStars Hand #233870923682:  Hold'em No Limit ($0.01/$0.02 USD) - 2022/02/07 13:46:18 PT [2022/02/07 16:46:18 ET]
Table 'Hygiea IV' 9-max Seat #3 is the button
Seat 1: Solo MW ($1 in chips) 
Seat 2: BorissiriS ($0.80 in chips) 
Seat 3: VilpPS ($2.02 in chips) 
Seat 5: Pedrohvulcan ($2.35 in chips) 
Seat 6: Rbst777 ($2 in chips) 
Seat 7: Dorex2007 ($2.03 in chips) 
Seat 9: ivanxx007 ($0.39 in chips) 
Pedrohvulcan: posts small blind $0.01
Rbst777: posts big blind $0.02
Paty Doll726: sits out 
*** HOLE CARDS ***
Dealt to Dorex2007 [2d 7c]
Dorex2007: folds 
ivanxx007: raises $0.04 to $0.06
Solo MW: folds 
BorissiriS: folds 
VilpPS: folds 
Pedrohvulcan: folds 
Rbst777: folds 
Uncalled bet ($0.04) returned to ivanxx007
ivanxx007 collected $0.05 from pot
ivanxx007: doesn't show hand 
*** SUMMARY ***
Total pot $0.05 | Rake $0 
Seat 1: Solo MW folded before Flop (didn't bet)
Seat 2: BorissiriS folded before Flop (didn't bet)
Seat 3: VilpPS (button) folded before Flop (didn't bet)
Seat 5: Pedrohvulcan (small blind) folded before Flop
Seat 6: Rbst777 (big blind) folded before Flop
Seat 7: Dorex2007 folded before Flop (didn't bet)
Seat 9: ivanxx007 collected ($0.05)



PokerStars Hand #233875920062:  Hold'em No Limit ($0.01/$0.02 USD) - 2022/02/07 17:03:28 PT [2022/02/07 20:03:28 ET]
Table 'Hygiea IV' 9-max Seat #5 is the button
Seat 2: riad cheik59 ($2.78 in chips) 
Seat 3: ROM@RIOD-LUX ($1.39 in chips) 
Seat 4: Dorex2007 ($2 in chips) 
Seat 5: ilianaki785 ($1.02 in chips) 
Seat 6: Bratley7777 ($0.08 in chips) 
Seat 7: matt blakk ($9.24 in chips) 
Seat 8: wyobien ($1.01 in chips) 
Seat 9: Sunpower333 ($0.77 in chips) 
Bratley7777: posts small blind $0.01
matt blakk: posts big blind $0.02
hugoluis1983: sits out 
Dorex2007: posts big blind $0.02
*** HOLE CARDS ***
Dealt to Dorex2007 [6s Jh]
wyobien: calls $0.02
Sunpower333: folds 
riad cheik59: calls $0.02
ROM@RIOD-LUX: folds 
Dorex2007: checks 
ilianaki785: folds 
Bratley7777: raises $0.06 to $0.08 and is all-in
matt blakk: folds 
wyobien: raises $0.06 to $0.14
riad cheik59: folds 
Dorex2007: folds 
Uncalled bet ($0.06) returned to wyobien
*** FLOP *** [8s 3c Tc]
*** TURN *** [8s 3c Tc] [9s]
*** RIVER *** [8s 3c Tc 9s] [6c]
*** SHOW DOWN ***
Bratley7777: shows [Ah Js] (high card Ace)
wyobien: shows [Kh Kd] (a pair of Kings)
wyobien collected $0.21 from pot
*** SUMMARY ***
Total pot $0.22 | Rake $0.01 
Board [8s 3c Tc 9s 6c]
Seat 2: riad cheik59 folded before Flop
Seat 3: ROM@RIOD-LUX folded before Flop (didn't bet)
Seat 4: Dorex2007 folded before Flop (didn't bet)
Seat 5: ilianaki785 (button) folded before Flop (didn't bet)
Seat 6: Bratley7777 (small blind) showed [Ah Js] and lost with high card Ace
Seat 7: matt blakk (big blind) folded before Flop
Seat 8: wyobien showed [Kh Kd] and won ($0.21) with a pair of Kings
Seat 9: Sunpower333 folded before Flop (didn't bet)



PokerStars Hand #233875934015:  Hold'em No Limit ($0.01/$0.02 USD) - 2022/02/07 17:04:15 PT [2022/02/07 20:04:15 ET]
Table 'Hygiea IV' 9-max Seat #7 is the button
Seat 2: riad cheik59 ($2.76 in chips) 
Seat 3: ROM@RIOD-LUX ($1.39 in chips) 
Seat 4: Dorex2007 ($2 in chips) 
Seat 5: ilianaki785 ($1.02 in chips) 
Seat 7: matt blakk ($9.22 in chips) 
Seat 8: wyobien ($1.14 in chips) 
Seat 9: Sunpower333 ($0.77 in chips) 
wyobien: posts small blind $0.01
Sunpower333: posts big blind $0.02
hugoluis1983: sits out 
*** HOLE CARDS ***
Dealt to Dorex2007 [8d 5d]
riad cheik59: folds 
ROM@RIOD-LUX: folds 
Dorex2007: folds 
ilianaki785: folds 
matt blakk: folds 
wyobien: calls $0.01
Sunpower333: checks 
*** FLOP *** [4h 7c 8s]
wyobien: bets $0.02
Sunpower333: folds 
Uncalled bet ($0.02) returned to wyobien
wyobien collected $0.04 from pot
*** SUMMARY ***
Total pot $0.04 | Rake $0 
Board [4h 7c 8s]
Seat 2: riad cheik59 folded before Flop (didn't bet)
Seat 3: ROM@RIOD-LUX folded before Flop (didn't bet)
Seat 4: Dorex2007 folded before Flop (didn't bet)
Seat 5: ilianaki785 folded before Flop (didn't bet)
Seat 7: matt blakk (button) folded before Flop (didn't bet)
Seat 8: wyobien (small blind) collected ($0.04)
Seat 9: Sunpower333 (big blind) folded on the Flop



PokerStars Hand #233875940553:  Hold'em No Limit ($0.01/$0.02 USD) - 2022/02/07 17:04:37 PT [2022/02/07 20:04:37 ET]
Table 'Hygiea IV' 9-max Seat #8 is the button
Seat 1: hugoluis1983 ($2 in chips) 
Seat 2: riad cheik59 ($2.76 in chips) 
Seat 3: ROM@RIOD-LUX ($1.39 in chips) 
Seat 4: Dorex2007 ($2 in chips) 
Seat 5: ilianaki785 ($1.02 in chips) 
Seat 8: wyobien ($1.16 in chips) 
Seat 9: Sunpower333 ($0.75 in chips) 
Sunpower333: posts small blind $0.01
hugoluis1983: posts big blind $0.02
*** HOLE CARDS ***
Dealt to Dorex2007 [Kd 9c]
riad cheik59: calls $0.02
ROM@RIOD-LUX: folds 
Dorex2007: folds 
ilianaki785: folds 
wyobien: folds 
Sunpower333: folds 
hugoluis1983: checks 
*** FLOP *** [Ac 9h Ah]
hugoluis1983: checks 
riad cheik59: bets $0.05
hugoluis1983: folds 
Uncalled bet ($0.05) returned to riad cheik59
riad cheik59 collected $0.05 from pot
riad cheik59: doesn't show hand 
*** SUMMARY ***
Total pot $0.05 | Rake $0 
Board [Ac 9h Ah]
Seat 1: hugoluis1983 (big blind) folded on the Flop
Seat 2: riad cheik59 collected ($0.05)
Seat 3: ROM@RIOD-LUX folded before Flop (didn't bet)
Seat 4: Dorex2007 folded before Flop (didn't bet)
Seat 5: ilianaki785 folded before Flop (didn't bet)
Seat 8: wyobien (button) folded before Flop (didn't bet)
Seat 9: Sunpower333 (small blind) folded before Flop



PokerStars Hand #233875946165:  Hold'em No Limit ($0.01/$0.02 USD) - 2022/02/07 17:04:55 PT [2022/02/07 20:04:55 ET]
Table 'Hygiea IV' 9-max Seat #9 is the button
Seat 1: hugoluis1983 ($2 in chips) 
Seat 2: riad cheik59 ($2.79 in chips) 
Seat 3: ROM@RIOD-LUX ($1.39 in chips) 
Seat 4: Dorex2007 ($2 in chips) 
Seat 5: ilianaki785 ($1.02 in chips) 
Seat 8: wyobien ($1.16 in chips) 
Seat 9: Sunpower333 ($0.74 in chips) 
hugoluis1983: posts small blind $0.01
riad cheik59: posts big blind $0.02
*** HOLE CARDS ***
Dealt to Dorex2007 [2s 7h]
ROM@RIOD-LUX: folds 
Dorex2007: folds 
ilianaki785: folds 
wyobien: folds 
Sunpower333: folds 
hugoluis1983: raises $0.04 to $0.06
riad cheik59: folds 
Uncalled bet ($0.04) returned to hugoluis1983
hugoluis1983 collected $0.04 from pot
hugoluis1983: doesn't show hand 
*** SUMMARY ***
Total pot $0.04 | Rake $0 
Seat 1: hugoluis1983 (small blind) collected ($0.04)
Seat 2: riad cheik59 (big blind) folded before Flop
Seat 3: ROM@RIOD-LUX folded before Flop (didn't bet)
Seat 4: Dorex2007 folded before Flop (didn't bet)
Seat 5: ilianaki785 folded before Flop (didn't bet)
Seat 8: wyobien folded before Flop (didn't bet)
Seat 9: Sunpower333 (button) folded before Flop (didn't bet)



PokerStars Hand #233875951236:  Hold'em No Limit ($0.01/$0.02 USD) - 2022/02/07 17:05:12 PT [2022/02/07 20:05:12 ET]
Table 'Hygiea IV' 9-max Seat #1 is the button
Seat 1: hugoluis1983 ($2.02 in chips) 
Seat 2: riad cheik59 ($2.77 in chips) 
Seat 3: ROM@RIOD-LUX ($1.39 in chips) 
Seat 4: Dorex2007 ($2 in chips) 
Seat 5: ilianaki785 ($1.02 in chips) 
Seat 8: wyobien ($1.16 in chips) 
Seat 9: Sunpower333 ($0.74 in chips) 
riad cheik59: posts small blind $0.01
ROM@RIOD-LUX: posts big blind $0.02
*** HOLE CARDS ***
Dealt to Dorex2007 [8d 5h]
Dorex2007: folds 
ilianaki785: folds 
wyobien: folds 
Sunpower333: folds 
hugoluis1983: folds 
riad cheik59: calls $0.01
ROM@RIOD-LUX: checks 
*** FLOP *** [3c Tc Td]
riad cheik59: bets $0.02
ROM@RIOD-LUX: folds 
Uncalled bet ($0.02) returned to riad cheik59
riad cheik59 collected $0.04 from pot
riad cheik59: doesn't show hand 
*** SUMMARY ***
Total pot $0.04 | Rake $0 
Board [3c Tc Td]
Seat 1: hugoluis1983 (button) folded before Flop (didn't bet)
Seat 2: riad cheik59 (small blind) collected ($0.04)
Seat 3: ROM@RIOD-LUX (big blind) folded on the Flop
Seat 4: Dorex2007 folded before Flop (didn't bet)
Seat 5: ilianaki785 folded before Flop (didn't bet)
Seat 8: wyobien folded before Flop (didn't bet)
Seat 9: Sunpower333 folded before Flop (didn't bet)



PokerStars Hand #233875955744:  Hold'em No Limit ($0.01/$0.02 USD) - 2022/02/07 17:05:27 PT [2022/02/07 20:05:27 ET]
Table 'Hygiea IV' 9-max Seat #2 is the button
Seat 1: hugoluis1983 ($2.02 in chips) 
Seat 2: riad cheik59 ($2.79 in chips) 
Seat 3: ROM@RIOD-LUX ($1.37 in chips) 
Seat 4: Dorex2007 ($2 in chips) 
Seat 5: ilianaki785 ($1.02 in chips) 
Seat 8: wyobien ($1.16 in chips) 
Seat 9: Sunpower333 ($0.74 in chips) 
ROM@RIOD-LUX: posts small blind $0.01
Dorex2007: posts big blind $0.02
*** HOLE CARDS ***
Dealt to Dorex2007 [7d Ks]
ilianaki785: raises $0.04 to $0.06
wyobien: folds 
Sunpower333: folds 
hugoluis1983: folds 
riad cheik59: folds 
ROM@RIOD-LUX: folds 
Dorex2007: folds 
Uncalled bet ($0.04) returned to ilianaki785
ilianaki785 collected $0.05 from pot
ilianaki785: doesn't show hand 
*** SUMMARY ***
Total pot $0.05 | Rake $0 
Seat 1: hugoluis1983 folded before Flop (didn't bet)
Seat 2: riad cheik59 (button) folded before Flop (didn't bet)
Seat 3: ROM@RIOD-LUX (small blind) folded before Flop
Seat 4: Dorex2007 (big blind) folded before Flop
Seat 5: ilianaki785 collected ($0.05)
Seat 8: wyobien folded before Flop (didn't bet)
Seat 9: Sunpower333 folded before Flop (didn't bet)



PokerStars Hand #233875960892:  Hold'em No Limit ($0.01/$0.02 USD) - 2022/02/07 17:05:44 PT [2022/02/07 20:05:44 ET]
Table 'Hygiea IV' 9-max Seat #3 is the button
Seat 1: hugoluis1983 ($2.02 in chips) 
Seat 2: riad cheik59 ($2.79 in chips) 
Seat 3: ROM@RIOD-LUX ($1.36 in chips) 
Seat 4: Dorex2007 ($2 in chips) 
Seat 5: ilianaki785 ($1.05 in chips) 
Seat 8: wyobien ($1.16 in chips) 
Seat 9: Sunpower333 ($0.74 in chips) 
Dorex2007: posts small blind $0.01
ilianaki785: posts big blind $0.02
*** HOLE CARDS ***
Dealt to Dorex2007 [7s 7d]
Bratley7777 leaves the table
wyobien: folds 
Sunpower333: folds 
hugoluis1983: folds 
riad cheik59: folds 
ROM@RIOD-LUX: folds 
riad cheik59 leaves the table
Dorex2007: raises $0.04 to $0.06
ilianaki785: folds 
Uncalled bet ($0.04) returned to Dorex2007
Dorex2007 collected $0.04 from pot
Dorex2007: doesn't show hand 
*** SUMMARY ***
Total pot $0.04 | Rake $0 
Seat 1: hugoluis1983 folded before Flop (didn't bet)
Seat 2: riad cheik59 folded before Flop (didn't bet)
Seat 3: ROM@RIOD-LUX (button) folded before Flop (didn't bet)
Seat 4: Dorex2007 (small blind) collected ($0.04)
Seat 5: ilianaki785 (big blind) folded before Flop
Seat 8: wyobien folded before Flop (didn't bet)
Seat 9: Sunpower333 folded before Flop (didn't bet)



PokerStars Hand #233875965444:  Hold'em No Limit ($0.01/$0.02 USD) - 2022/02/07 17:05:59 PT [2022/02/07 20:05:59 ET]
Table 'Hygiea IV' 9-max Seat #4 is the button
Seat 1: hugoluis1983 ($2.02 in chips) 
Seat 3: ROM@RIOD-LUX ($1.36 in chips) 
Seat 4: Dorex2007 ($2.02 in chips) 
Seat 5: ilianaki785 ($1.03 in chips) 
Seat 8: wyobien ($1.16 in chips) 
Seat 9: Sunpower333 ($0.74 in chips) 
ilianaki785: posts small blind $0.01
wyobien: posts big blind $0.02
*** HOLE CARDS ***
Dealt to Dorex2007 [Ah Qs]
Sunpower333: folds 
hugoluis1983: folds 
ROM@RIOD-LUX: folds 
Dorex2007: raises $0.04 to $0.06
ilianaki785: folds 
wyobien: calls $0.04
*** FLOP *** [6s 4d Ac]
wyobien: checks 
Dorex2007: bets $0.09
matt blakk leaves the table
wyobien: calls $0.09
*** TURN *** [6s 4d Ac] [9s]
BIack$heep joins the table at seat #2 
wyobien: checks 
Dorex2007: bets $0.30
wyobien: calls $0.30
*** RIVER *** [6s 4d Ac 9s] [8s]
wyobien: checks 
Dorex2007: checks 
*** SHOW DOWN ***
wyobien: shows [Ad Qc] (a pair of Aces)
Dorex2007: shows [Ah Qs] (a pair of Aces)
wyobien collected $0.44 from pot
Dorex2007 collected $0.44 from pot
*** SUMMARY ***
Total pot $0.91 | Rake $0.03 
Board [6s 4d Ac 9s 8s]
Seat 1: hugoluis1983 folded before Flop (didn't bet)
Seat 3: ROM@RIOD-LUX folded before Flop (didn't bet)
Seat 4: Dorex2007 (button) showed [Ah Qs] and won ($0.44) with a pair of Aces
Seat 5: ilianaki785 (small blind) folded before Flop
Seat 8: wyobien (big blind) showed [Ad Qc] and won ($0.44) with a pair of Aces
Seat 9: Sunpower333 folded before Flop (didn't bet)



