PokerStars Hand #232944499335:  Hold'em No Limit ($0.01/$0.02 USD) - 2022/01/08 12:10:31 PT [2022/01/08 15:10:31 ET]
Table 'Bengt V' 9-max Seat #7 is the button
Seat 1: pachazinho ($1.08 in chips) 
Seat 2: freebeg ($0.77 in chips) 
Seat 3: nelectrik ($2.10 in chips) 
Seat 4: Svat73 ($1.92 in chips) 
Seat 5: Newts333 ($2.06 in chips) 
Seat 6: Dorex2007 ($2 in chips) 
Seat 7: Paty Doll726 ($0.82 in chips) 
Seat 8: nicaDAWG69 ($1.94 in chips) 
Seat 9: OldRasta1984 ($0.68 in chips) 
nicaDAWG69: posts small blind $0.01
OldRasta1984: posts big blind $0.02
Dorex2007: posts big blind $0.02
*** HOLE CARDS ***
Dealt to Dorex2007 [Js 5h]
pachazinho: calls $0.02
freebeg: folds 
nelectrik: folds 
Svat73: folds 
Newts333: folds 
Dorex2007: checks 
Paty Doll726: folds 
nicaDAWG69: calls $0.01
OldRasta1984: checks 
*** FLOP *** [9h Td 2d]
nicaDAWG69: checks 
OldRasta1984: checks 
pachazinho: bets $0.08
Dorex2007: folds 
nicaDAWG69: folds 
OldRasta1984: folds 
Uncalled bet ($0.08) returned to pachazinho
pachazinho collected $0.08 from pot
*** SUMMARY ***
Total pot $0.08 | Rake $0 
Board [9h Td 2d]
Seat 1: pachazinho collected ($0.08)
Seat 2: freebeg folded before Flop (didn't bet)
Seat 3: nelectrik folded before Flop (didn't bet)
Seat 4: Svat73 folded before Flop (didn't bet)
Seat 5: Newts333 folded before Flop (didn't bet)
Seat 6: Dorex2007 folded on the Flop (didn't bet)
Seat 7: Paty Doll726 (button) folded before Flop (didn't bet)
Seat 8: nicaDAWG69 (small blind) folded on the Flop
Seat 9: OldRasta1984 (big blind) folded on the Flop



PokerStars Hand #232944532331:  Hold'em No Limit ($0.01/$0.02 USD) - 2022/01/08 12:11:20 PT [2022/01/08 15:11:20 ET]
Table 'Bengt V' 9-max Seat #8 is the button
Seat 1: pachazinho ($1.14 in chips) 
Seat 2: freebeg ($0.77 in chips) 
Seat 3: nelectrik ($2.10 in chips) 
Seat 4: Svat73 ($1.92 in chips) 
Seat 5: Newts333 ($2.06 in chips) 
Seat 6: Dorex2007 ($2 in chips) 
Seat 7: Paty Doll726 ($0.82 in chips) 
Seat 8: nicaDAWG69 ($1.92 in chips) 
Seat 9: OldRasta1984 ($0.66 in chips) 
OldRasta1984: posts small blind $0.01
pachazinho: posts big blind $0.02
*** HOLE CARDS ***
Dealt to Dorex2007 [Ad 7d]
freebeg: calls $0.02
nelectrik: folds 
Svat73: folds 
Newts333: folds 
Dorex2007: raises $0.02 to $0.04
Paty Doll726: folds 
nicaDAWG69: folds 
OldRasta1984: folds 
pachazinho: raises $0.02 to $0.06
freebeg: calls $0.04
Dorex2007: calls $0.02
*** FLOP *** [As Kd 4h]
pachazinho: bets $0.18
freebeg: folds 
Dorex2007: folds 
Uncalled bet ($0.18) returned to pachazinho
pachazinho collected $0.18 from pot
*** SUMMARY ***
Total pot $0.19 | Rake $0.01 
Board [As Kd 4h]
Seat 1: pachazinho (big blind) collected ($0.18)
Seat 2: freebeg folded on the Flop
Seat 3: nelectrik folded before Flop (didn't bet)
Seat 4: Svat73 folded before Flop (didn't bet)
Seat 5: Newts333 folded before Flop (didn't bet)
Seat 6: Dorex2007 folded on the Flop
Seat 7: Paty Doll726 folded before Flop (didn't bet)
Seat 8: nicaDAWG69 (button) folded before Flop (didn't bet)
Seat 9: OldRasta1984 (small blind) folded before Flop



PokerStars Hand #232944568909:  Hold'em No Limit ($0.01/$0.02 USD) - 2022/01/08 12:12:14 PT [2022/01/08 15:12:14 ET]
Table 'Bengt V' 9-max Seat #9 is the button
Seat 1: pachazinho ($1.26 in chips) 
Seat 2: freebeg ($0.71 in chips) 
Seat 3: nelectrik ($2.10 in chips) 
Seat 4: Svat73 ($1.92 in chips) 
Seat 5: Newts333 ($2.06 in chips) 
Seat 6: Dorex2007 ($2 in chips) 
Seat 7: Paty Doll726 ($0.82 in chips) 
Seat 8: nicaDAWG69 ($1.92 in chips) 
Seat 9: OldRasta1984 ($0.65 in chips) 
pachazinho: posts small blind $0.01
freebeg: posts big blind $0.02
*** HOLE CARDS ***
Dealt to Dorex2007 [7h 6h]
nelectrik: raises $0.05 to $0.07
Svat73: folds 
Newts333: folds 
Dorex2007: folds 
Paty Doll726: calls $0.07
nicaDAWG69: folds 
OldRasta1984: folds 
pachazinho: calls $0.06
freebeg: folds 
*** FLOP *** [6d 5s Qh]
pachazinho: checks 
nelectrik: bets $0.09
Paty Doll726: folds 
pachazinho: folds 
Uncalled bet ($0.09) returned to nelectrik
nelectrik collected $0.22 from pot
nelectrik: doesn't show hand 
*** SUMMARY ***
Total pot $0.23 | Rake $0.01 
Board [6d 5s Qh]
Seat 1: pachazinho (small blind) folded on the Flop
Seat 2: freebeg (big blind) folded before Flop
Seat 3: nelectrik collected ($0.22)
Seat 4: Svat73 folded before Flop (didn't bet)
Seat 5: Newts333 folded before Flop (didn't bet)
Seat 6: Dorex2007 folded before Flop (didn't bet)
Seat 7: Paty Doll726 folded on the Flop
Seat 8: nicaDAWG69 folded before Flop (didn't bet)
Seat 9: OldRasta1984 (button) folded before Flop (didn't bet)



PokerStars Hand #232944600597:  Hold'em No Limit ($0.01/$0.02 USD) - 2022/01/08 12:13:01 PT [2022/01/08 15:13:01 ET]
Table 'Bengt V' 9-max Seat #1 is the button
Seat 1: pachazinho ($1.19 in chips) 
Seat 2: freebeg ($0.69 in chips) 
Seat 3: nelectrik ($2.25 in chips) 
Seat 4: Svat73 ($1.92 in chips) 
Seat 5: Newts333 ($2.06 in chips) 
Seat 6: Dorex2007 ($2 in chips) 
Seat 7: Paty Doll726 ($0.75 in chips) 
Seat 8: nicaDAWG69 ($1.92 in chips) 
Seat 9: OldRasta1984 ($0.65 in chips) 
freebeg: posts small blind $0.01
nelectrik: posts big blind $0.02
*** HOLE CARDS ***
Dealt to Dorex2007 [Qd 3c]
Svat73: folds 
Newts333: calls $0.02
Dorex2007: folds 
Paty Doll726: raises $0.02 to $0.04
nicaDAWG69: raises $0.02 to $0.06
OldRasta1984: folds 
pachazinho: folds 
freebeg: folds 
nelectrik: calls $0.04
Newts333: calls $0.04
Paty Doll726: calls $0.02
*** FLOP *** [8d 9s Td]
nelectrik: checks 
Newts333: checks 
Paty Doll726: checks 
nicaDAWG69: checks 
*** TURN *** [8d 9s Td] [9d]
nelectrik: checks 
Newts333: bets $0.12
Paty Doll726: folds 
nicaDAWG69: calls $0.12
nelectrik: folds 
*** RIVER *** [8d 9s Td 9d] [Qs]
Newts333: bets $0.21
nicaDAWG69: folds 
Uncalled bet ($0.21) returned to Newts333
Newts333 collected $0.47 from pot
Newts333: doesn't show hand 
*** SUMMARY ***
Total pot $0.49 | Rake $0.02 
Board [8d 9s Td 9d Qs]
Seat 1: pachazinho (button) folded before Flop (didn't bet)
Seat 2: freebeg (small blind) folded before Flop
Seat 3: nelectrik (big blind) folded on the Turn
Seat 4: Svat73 folded before Flop (didn't bet)
Seat 5: Newts333 collected ($0.47)
Seat 6: Dorex2007 folded before Flop (didn't bet)
Seat 7: Paty Doll726 folded on the Turn
Seat 8: nicaDAWG69 folded on the River
Seat 9: OldRasta1984 folded before Flop (didn't bet)



PokerStars Hand #232944660414:  Hold'em No Limit ($0.01/$0.02 USD) - 2022/01/08 12:14:30 PT [2022/01/08 15:14:30 ET]
Table 'Bengt V' 9-max Seat #2 is the button
Seat 1: pachazinho ($1.19 in chips) 
Seat 2: freebeg ($0.68 in chips) 
Seat 3: nelectrik ($2.19 in chips) 
Seat 4: Svat73 ($1.92 in chips) 
Seat 5: Newts333 ($2.35 in chips) 
Seat 6: Dorex2007 ($2 in chips) 
Seat 7: Paty Doll726 ($0.80 in chips) 
Seat 8: nicaDAWG69 ($1.74 in chips) 
Seat 9: OldRasta1984 ($0.65 in chips) 
nelectrik: posts small blind $0.01
Svat73: posts big blind $0.02
*** HOLE CARDS ***
Dealt to Dorex2007 [9d 6h]
Newts333: folds 
Dorex2007: folds 
Paty Doll726: folds 
nicaDAWG69: calls $0.02
OldRasta1984: folds 
pachazinho: calls $0.02
freebeg: folds 
nelectrik: folds 
Svat73: checks 
*** FLOP *** [4h 3h Tc]
Svat73: bets $0.03
nicaDAWG69: raises $0.13 to $0.16
pachazinho: calls $0.16
Svat73: folds 
*** TURN *** [4h 3h Tc] [9s]
nicaDAWG69: checks 
pachazinho: checks 
*** RIVER *** [4h 3h Tc 9s] [9c]
nicaDAWG69: checks 
pachazinho: checks 
*** SHOW DOWN ***
nicaDAWG69: shows [7s 6s] (a pair of Nines)
pachazinho: shows [Js Ts] (two pair, Tens and Nines)
pachazinho collected $0.41 from pot
*** SUMMARY ***
Total pot $0.42 | Rake $0.01 
Board [4h 3h Tc 9s 9c]
Seat 1: pachazinho showed [Js Ts] and won ($0.41) with two pair, Tens and Nines
Seat 2: freebeg (button) folded before Flop (didn't bet)
Seat 3: nelectrik (small blind) folded before Flop
Seat 4: Svat73 (big blind) folded on the Flop
Seat 5: Newts333 folded before Flop (didn't bet)
Seat 6: Dorex2007 folded before Flop (didn't bet)
Seat 7: Paty Doll726 folded before Flop (didn't bet)
Seat 8: nicaDAWG69 showed [7s 6s] and lost with a pair of Nines
Seat 9: OldRasta1984 folded before Flop (didn't bet)



PokerStars Hand #232944696883:  Hold'em No Limit ($0.01/$0.02 USD) - 2022/01/08 12:15:24 PT [2022/01/08 15:15:24 ET]
Table 'Bengt V' 9-max Seat #3 is the button
Seat 1: pachazinho ($1.42 in chips) 
Seat 2: freebeg ($0.68 in chips) 
Seat 3: nelectrik ($2.18 in chips) 
Seat 4: Svat73 ($1.87 in chips) 
Seat 5: Newts333 ($2.35 in chips) 
Seat 6: Dorex2007 ($2 in chips) 
Seat 7: Paty Doll726 ($0.80 in chips) 
Seat 8: nicaDAWG69 ($1.56 in chips) 
Seat 9: OldRasta1984 ($0.65 in chips) 
Svat73: posts small blind $0.01
Newts333: posts big blind $0.02
*** HOLE CARDS ***
Dealt to Dorex2007 [Qh 8d]
Dorex2007: folds 
Paty Doll726: folds 
nicaDAWG69: calls $0.02
OldRasta1984: raises $0.06 to $0.08
pachazinho: folds 
freebeg: folds 
nelectrik: folds 
Svat73: folds 
Newts333: calls $0.06
nicaDAWG69: calls $0.06
*** FLOP *** [2h 9h Jd]
Newts333: checks 
nicaDAWG69: bets $0.12
OldRasta1984: folds 
Newts333: calls $0.12
*** TURN *** [2h 9h Jd] [3d]
Newts333: checks 
nicaDAWG69: checks 
*** RIVER *** [2h 9h Jd 3d] [9s]
Newts333: bets $0.23
nicaDAWG69: calls $0.23
*** SHOW DOWN ***
Newts333: shows [Ad Kh] (a pair of Nines)
nicaDAWG69: shows [Qd Jc] (two pair, Jacks and Nines)
nicaDAWG69 collected $0.92 from pot
*** SUMMARY ***
Total pot $0.95 | Rake $0.03 
Board [2h 9h Jd 3d 9s]
Seat 1: pachazinho folded before Flop (didn't bet)
Seat 2: freebeg folded before Flop (didn't bet)
Seat 3: nelectrik (button) folded before Flop (didn't bet)
Seat 4: Svat73 (small blind) folded before Flop
Seat 5: Newts333 (big blind) showed [Ad Kh] and lost with a pair of Nines
Seat 6: Dorex2007 folded before Flop (didn't bet)
Seat 7: Paty Doll726 folded before Flop (didn't bet)
Seat 8: nicaDAWG69 showed [Qd Jc] and won ($0.92) with two pair, Jacks and Nines
Seat 9: OldRasta1984 folded on the Flop



PokerStars Hand #232944744533:  Hold'em No Limit ($0.01/$0.02 USD) - 2022/01/08 12:16:35 PT [2022/01/08 15:16:35 ET]
Table 'Bengt V' 9-max Seat #4 is the button
Seat 1: pachazinho ($1.42 in chips) 
Seat 2: freebeg ($0.68 in chips) 
Seat 3: nelectrik ($2.18 in chips) 
Seat 4: Svat73 ($1.86 in chips) 
Seat 5: Newts333 ($1.92 in chips) 
Seat 6: Dorex2007 ($2 in chips) 
Seat 7: Paty Doll726 ($0.80 in chips) 
Seat 8: nicaDAWG69 ($2.05 in chips) 
Seat 9: OldRasta1984 ($0.80 in chips) 
Newts333: posts small blind $0.01
Dorex2007: posts big blind $0.02
*** HOLE CARDS ***
Dealt to Dorex2007 [Jc 5s]
Paty Doll726: folds 
nicaDAWG69: calls $0.02
OldRasta1984: raises $0.06 to $0.08
pachazinho: calls $0.08
freebeg: folds 
nelectrik: folds 
Svat73: folds 
Newts333: folds 
Dorex2007: folds 
nicaDAWG69: calls $0.06
*** FLOP *** [5d 6c 4h]
nicaDAWG69: bets $0.13
OldRasta1984: folds 
pachazinho: calls $0.13
*** TURN *** [5d 6c 4h] [Js]
nicaDAWG69: bets $0.18
pachazinho: calls $0.18
*** RIVER *** [5d 6c 4h Js] [6h]
nicaDAWG69: checks 
pachazinho: checks 
*** SHOW DOWN ***
nicaDAWG69: shows [3d 4d] (two pair, Sixes and Fours)
pachazinho: mucks hand 
nicaDAWG69 collected $0.86 from pot
*** SUMMARY ***
Total pot $0.89 | Rake $0.03 
Board [5d 6c 4h Js 6h]
Seat 1: pachazinho mucked [3s 3h]
Seat 2: freebeg folded before Flop (didn't bet)
Seat 3: nelectrik folded before Flop (didn't bet)
Seat 4: Svat73 (button) folded before Flop (didn't bet)
Seat 5: Newts333 (small blind) folded before Flop
Seat 6: Dorex2007 (big blind) folded before Flop
Seat 7: Paty Doll726 folded before Flop (didn't bet)
Seat 8: nicaDAWG69 showed [3d 4d] and won ($0.86) with two pair, Sixes and Fours
Seat 9: OldRasta1984 folded on the Flop



PokerStars Hand #232944783248:  Hold'em No Limit ($0.01/$0.02 USD) - 2022/01/08 12:17:32 PT [2022/01/08 15:17:32 ET]
Table 'Bengt V' 9-max Seat #5 is the button
Seat 1: pachazinho ($1.03 in chips) 
Seat 2: freebeg ($0.68 in chips) 
Seat 3: nelectrik ($2.18 in chips) 
Seat 4: Svat73 ($1.86 in chips) 
Seat 5: Newts333 ($1.91 in chips) 
Seat 6: Dorex2007 ($2 in chips) 
Seat 7: Paty Doll726 ($0.80 in chips) 
Seat 8: nicaDAWG69 ($2.52 in chips) 
Seat 9: OldRasta1984 ($0.72 in chips) 
Dorex2007: posts small blind $0.01
Paty Doll726: posts big blind $0.02
*** HOLE CARDS ***
Dealt to Dorex2007 [6s 3s]
nicaDAWG69: calls $0.02
OldRasta1984: folds 
pachazinho: folds 
freebeg: folds 
nelectrik: folds 
Svat73: folds 
Newts333: folds 
Dorex2007: folds 
Paty Doll726: checks 
*** FLOP *** [Td 5h 9s]
Paty Doll726: checks 
nicaDAWG69: checks 
*** TURN *** [Td 5h 9s] [Tc]
Paty Doll726: checks 
nicaDAWG69: checks 
*** RIVER *** [Td 5h 9s Tc] [Kc]
Paty Doll726: checks 
nicaDAWG69: checks 
*** SHOW DOWN ***
Paty Doll726: shows [Kh 7h] (two pair, Kings and Tens)
nicaDAWG69: mucks hand 
Paty Doll726 collected $0.05 from pot
*** SUMMARY ***
Total pot $0.05 | Rake $0 
Board [Td 5h 9s Tc Kc]
Seat 1: pachazinho folded before Flop (didn't bet)
Seat 2: freebeg folded before Flop (didn't bet)
Seat 3: nelectrik folded before Flop (didn't bet)
Seat 4: Svat73 folded before Flop (didn't bet)
Seat 5: Newts333 (button) folded before Flop (didn't bet)
Seat 6: Dorex2007 (small blind) folded before Flop
Seat 7: Paty Doll726 (big blind) showed [Kh 7h] and won ($0.05) with two pair, Kings and Tens
Seat 8: nicaDAWG69 mucked [Qh 2h]
Seat 9: OldRasta1984 folded before Flop (didn't bet)



PokerStars Hand #232944809764:  Hold'em No Limit ($0.01/$0.02 USD) - 2022/01/08 12:18:12 PT [2022/01/08 15:18:12 ET]
Table 'Bengt V' 9-max Seat #6 is the button
Seat 1: pachazinho ($1.03 in chips) 
Seat 2: freebeg ($0.68 in chips) 
Seat 3: nelectrik ($2.18 in chips) 
Seat 4: Svat73 ($1.86 in chips) 
Seat 5: Newts333 ($1.91 in chips) 
Seat 6: Dorex2007 ($2 in chips) 
Seat 7: Paty Doll726 ($0.83 in chips) 
Seat 8: nicaDAWG69 ($2.50 in chips) 
Seat 9: OldRasta1984 ($0.72 in chips) 
Paty Doll726: posts small blind $0.01
nicaDAWG69: posts big blind $0.02
*** HOLE CARDS ***
Dealt to Dorex2007 [9h 7s]
OldRasta1984: folds 
pachazinho: folds 
freebeg: folds 
nelectrik: calls $0.02
Svat73: folds 
Newts333: folds 
Dorex2007: folds 
Paty Doll726: calls $0.01
nicaDAWG69: checks 
*** FLOP *** [6c 2d 3s]
Paty Doll726: bets $0.06
nicaDAWG69: folds 
nelectrik: folds 
Uncalled bet ($0.06) returned to Paty Doll726
Paty Doll726 collected $0.06 from pot
Paty Doll726: doesn't show hand 
*** SUMMARY ***
Total pot $0.06 | Rake $0 
Board [6c 2d 3s]
Seat 1: pachazinho folded before Flop (didn't bet)
Seat 2: freebeg folded before Flop (didn't bet)
Seat 3: nelectrik folded on the Flop
Seat 4: Svat73 folded before Flop (didn't bet)
Seat 5: Newts333 folded before Flop (didn't bet)
Seat 6: Dorex2007 (button) folded before Flop (didn't bet)
Seat 7: Paty Doll726 (small blind) collected ($0.06)
Seat 8: nicaDAWG69 (big blind) folded on the Flop
Seat 9: OldRasta1984 folded before Flop (didn't bet)



PokerStars Hand #232944833052:  Hold'em No Limit ($0.01/$0.02 USD) - 2022/01/08 12:18:46 PT [2022/01/08 15:18:46 ET]
Table 'Bengt V' 9-max Seat #7 is the button
Seat 1: pachazinho ($1.03 in chips) 
Seat 2: freebeg ($0.68 in chips) 
Seat 3: nelectrik ($2.16 in chips) 
Seat 4: Svat73 ($1.86 in chips) 
Seat 5: Newts333 ($1.91 in chips) 
Seat 6: Dorex2007 ($2 in chips) 
Seat 7: Paty Doll726 ($0.87 in chips) 
Seat 8: nicaDAWG69 ($2.48 in chips) 
Seat 9: OldRasta1984 ($0.72 in chips) 
nicaDAWG69: posts small blind $0.01
OldRasta1984: posts big blind $0.02
*** HOLE CARDS ***
Dealt to Dorex2007 [3c 9s]
pachazinho: raises $0.04 to $0.06
freebeg: folds 
nelectrik: calls $0.06
Svat73: folds 
Newts333: folds 
Dorex2007: folds 
Paty Doll726: calls $0.06
nicaDAWG69: folds 
OldRasta1984: folds 
*** FLOP *** [8s 9d Kc]
pachazinho: checks 
nelectrik: checks 
Paty Doll726: bets $0.81 and is all-in
pachazinho: folds 
nelectrik: folds 
Uncalled bet ($0.81) returned to Paty Doll726
Paty Doll726 collected $0.20 from pot
Paty Doll726: doesn't show hand 
*** SUMMARY ***
Total pot $0.21 | Rake $0.01 
Board [8s 9d Kc]
Seat 1: pachazinho folded on the Flop
Seat 2: freebeg folded before Flop (didn't bet)
Seat 3: nelectrik folded on the Flop
Seat 4: Svat73 folded before Flop (didn't bet)
Seat 5: Newts333 folded before Flop (didn't bet)
Seat 6: Dorex2007 folded before Flop (didn't bet)
Seat 7: Paty Doll726 (button) collected ($0.20)
Seat 8: nicaDAWG69 (small blind) folded before Flop
Seat 9: OldRasta1984 (big blind) folded before Flop



PokerStars Hand #232944863669:  Hold'em No Limit ($0.01/$0.02 USD) - 2022/01/08 12:19:32 PT [2022/01/08 15:19:32 ET]
Table 'Bengt V' 9-max Seat #8 is the button
Seat 1: pachazinho ($0.97 in chips) 
Seat 2: freebeg ($0.68 in chips) 
Seat 3: nelectrik ($2.10 in chips) 
Seat 4: Svat73 ($1.86 in chips) 
Seat 5: Newts333 ($1.91 in chips) 
Seat 6: Dorex2007 ($2 in chips) 
Seat 7: Paty Doll726 ($1.01 in chips) 
Seat 8: nicaDAWG69 ($2.47 in chips) 
Seat 9: OldRasta1984 ($0.70 in chips) 
OldRasta1984: posts small blind $0.01
pachazinho: posts big blind $0.02
*** HOLE CARDS ***
Dealt to Dorex2007 [Kc Th]
freebeg: folds 
nelectrik: raises $0.03 to $0.05
Svat73: folds 
Newts333: folds 
Dorex2007: folds 
Paty Doll726: folds 
nicaDAWG69: folds 
OldRasta1984: folds 
pachazinho: calls $0.03
*** FLOP *** [6s Qc Kd]
pachazinho: checks 
nelectrik: checks 
*** TURN *** [6s Qc Kd] [5c]
pachazinho: bets $0.11
nelectrik: folds 
Uncalled bet ($0.11) returned to pachazinho
pachazinho collected $0.11 from pot
*** SUMMARY ***
Total pot $0.11 | Rake $0 
Board [6s Qc Kd 5c]
Seat 1: pachazinho (big blind) collected ($0.11)
Seat 2: freebeg folded before Flop (didn't bet)
Seat 3: nelectrik folded on the Turn
Seat 4: Svat73 folded before Flop (didn't bet)
Seat 5: Newts333 folded before Flop (didn't bet)
Seat 6: Dorex2007 folded before Flop (didn't bet)
Seat 7: Paty Doll726 folded before Flop (didn't bet)
Seat 8: nicaDAWG69 (button) folded before Flop (didn't bet)
Seat 9: OldRasta1984 (small blind) folded before Flop



PokerStars Hand #232944894699:  Hold'em No Limit ($0.01/$0.02 USD) - 2022/01/08 12:20:17 PT [2022/01/08 15:20:17 ET]
Table 'Bengt V' 9-max Seat #9 is the button
Seat 1: pachazinho ($1.03 in chips) 
Seat 2: freebeg ($0.68 in chips) 
Seat 3: nelectrik ($2.05 in chips) 
Seat 4: Svat73 ($1.86 in chips) 
Seat 5: Newts333 ($1.91 in chips) 
Seat 6: Dorex2007 ($2 in chips) 
Seat 7: Paty Doll726 ($1.01 in chips) 
Seat 8: nicaDAWG69 ($2.47 in chips) 
Seat 9: OldRasta1984 ($0.69 in chips) 
pachazinho: posts small blind $0.01
freebeg: posts big blind $0.02
*** HOLE CARDS ***
Dealt to Dorex2007 [Kh 2c]
nelectrik: folds 
Svat73: folds 
Newts333: folds 
Dorex2007: folds 
Paty Doll726: folds 
nicaDAWG69: calls $0.02
OldRasta1984: raises $0.05 to $0.07
pachazinho: calls $0.06
freebeg: folds 
nicaDAWG69: calls $0.05
*** FLOP *** [9s 3d Kd]
pachazinho: checks 
nicaDAWG69: checks 
OldRasta1984: checks 
*** TURN *** [9s 3d Kd] [2d]
pachazinho: checks 
nicaDAWG69: bets $0.11
OldRasta1984: folds 
pachazinho: calls $0.11
*** RIVER *** [9s 3d Kd 2d] [Js]
pachazinho: checks 
nicaDAWG69: bets $0.21
pachazinho: folds 
Uncalled bet ($0.21) returned to nicaDAWG69
nicaDAWG69 collected $0.43 from pot
nicaDAWG69: doesn't show hand 
*** SUMMARY ***
Total pot $0.45 | Rake $0.02 
Board [9s 3d Kd 2d Js]
Seat 1: pachazinho (small blind) folded on the River
Seat 2: freebeg (big blind) folded before Flop
Seat 3: nelectrik folded before Flop (didn't bet)
Seat 4: Svat73 folded before Flop (didn't bet)
Seat 5: Newts333 folded before Flop (didn't bet)
Seat 6: Dorex2007 folded before Flop (didn't bet)
Seat 7: Paty Doll726 folded before Flop (didn't bet)
Seat 8: nicaDAWG69 collected ($0.43)
Seat 9: OldRasta1984 (button) folded on the Turn



PokerStars Hand #232944954689:  Hold'em No Limit ($0.01/$0.02 USD) - 2022/01/08 12:21:31 PT [2022/01/08 15:21:31 ET]
Table 'Bengt V' 9-max Seat #1 is the button
Seat 1: pachazinho ($0.85 in chips) 
Seat 2: freebeg ($0.66 in chips) 
Seat 3: nelectrik ($2.05 in chips) 
Seat 4: Svat73 ($1.86 in chips) 
Seat 5: Newts333 ($1.91 in chips) 
Seat 6: Dorex2007 ($2 in chips) 
Seat 7: Paty Doll726 ($1.01 in chips) 
Seat 8: nicaDAWG69 ($2.72 in chips) 
Seat 9: OldRasta1984 ($0.62 in chips) 
freebeg: posts small blind $0.01
nelectrik: posts big blind $0.02
*** HOLE CARDS ***
Dealt to Dorex2007 [5c 9h]
Svat73 is disconnected 
Svat73 has timed out while disconnected
Svat73: folds 
Newts333: calls $0.02
Dorex2007: folds 
Paty Doll726: folds 
nicaDAWG69: calls $0.02
OldRasta1984: raises $0.05 to $0.07
pachazinho: folds 
freebeg: folds 
nelectrik: folds 
Newts333: calls $0.05
nicaDAWG69: folds 
*** FLOP *** [4s 3s 4c]
Newts333: bets $0.09
OldRasta1984: calls $0.09
*** TURN *** [4s 3s 4c] [3h]
Newts333: bets $0.18
OldRasta1984: folds 
Uncalled bet ($0.18) returned to Newts333
Newts333 collected $0.36 from pot
Newts333: doesn't show hand 
*** SUMMARY ***
Total pot $0.37 | Rake $0.01 
Board [4s 3s 4c 3h]
Seat 1: pachazinho (button) folded before Flop (didn't bet)
Seat 2: freebeg (small blind) folded before Flop
Seat 3: nelectrik (big blind) folded before Flop
Seat 4: Svat73 folded before Flop (didn't bet)
Seat 5: Newts333 collected ($0.36)
Seat 6: Dorex2007 folded before Flop (didn't bet)
Seat 7: Paty Doll726 folded before Flop (didn't bet)
Seat 8: nicaDAWG69 folded before Flop
Seat 9: OldRasta1984 folded on the Turn



PokerStars Hand #232945004572:  Hold'em No Limit ($0.01/$0.02 USD) - 2022/01/08 12:22:43 PT [2022/01/08 15:22:43 ET]
Table 'Bengt V' 9-max Seat #2 is the button
Seat 1: pachazinho ($0.85 in chips) 
Seat 2: freebeg ($0.65 in chips) 
Seat 3: nelectrik ($2.03 in chips) 
Seat 4: Svat73 ($1.86 in chips) 
Seat 5: Newts333 ($2.11 in chips) 
Seat 6: Dorex2007 ($2 in chips) 
Seat 7: Paty Doll726 ($1.01 in chips) 
Seat 8: nicaDAWG69 ($2.70 in chips) 
Seat 9: OldRasta1984 ($0.80 in chips) 
nelectrik: posts small blind $0.01
Svat73: posts big blind $0.02
*** HOLE CARDS ***
Dealt to Dorex2007 [8s 4c]
Newts333: folds 
Dorex2007: folds 
Paty Doll726: calls $0.02
nicaDAWG69: calls $0.02
OldRasta1984: raises $0.07 to $0.09
pachazinho: folds 
freebeg: folds 
nelectrik: folds 
Svat73: folds 
Paty Doll726: folds 
nicaDAWG69: folds 
Uncalled bet ($0.07) returned to OldRasta1984
OldRasta1984 collected $0.09 from pot
OldRasta1984: doesn't show hand 
*** SUMMARY ***
Total pot $0.09 | Rake $0 
Seat 1: pachazinho folded before Flop (didn't bet)
Seat 2: freebeg (button) folded before Flop (didn't bet)
Seat 3: nelectrik (small blind) folded before Flop
Seat 4: Svat73 (big blind) folded before Flop
Seat 5: Newts333 folded before Flop (didn't bet)
Seat 6: Dorex2007 folded before Flop (didn't bet)
Seat 7: Paty Doll726 folded before Flop
Seat 8: nicaDAWG69 folded before Flop
Seat 9: OldRasta1984 collected ($0.09)



PokerStars Hand #232945025546:  Hold'em No Limit ($0.01/$0.02 USD) - 2022/01/08 12:23:14 PT [2022/01/08 15:23:14 ET]
Table 'Bengt V' 9-max Seat #3 is the button
Seat 1: pachazinho ($0.85 in chips) 
Seat 2: freebeg ($0.65 in chips) 
Seat 3: nelectrik ($2.02 in chips) 
Seat 4: Svat73 ($1.84 in chips) 
Seat 5: Newts333 ($2.11 in chips) 
Seat 6: Dorex2007 ($2 in chips) 
Seat 7: Paty Doll726 ($0.99 in chips) 
Seat 8: nicaDAWG69 ($2.68 in chips) 
Seat 9: OldRasta1984 ($0.87 in chips) 
Svat73: posts small blind $0.01
Newts333: posts big blind $0.02
*** HOLE CARDS ***
Dealt to Dorex2007 [3h 7s]
Dorex2007: folds 
Paty Doll726: folds 
nicaDAWG69 has timed out
nicaDAWG69: folds 
OldRasta1984: folds 
pachazinho has timed out
pachazinho: folds 
freebeg: folds 
nelectrik: calls $0.02
Svat73: folds 
Newts333: raises $0.04 to $0.06
nelectrik: calls $0.04
*** FLOP *** [3c 3s 2d]
Newts333: bets $0.06
nelectrik: folds 
Uncalled bet ($0.06) returned to Newts333
Newts333 collected $0.13 from pot
Newts333: doesn't show hand 
*** SUMMARY ***
Total pot $0.13 | Rake $0 
Board [3c 3s 2d]
Seat 1: pachazinho folded before Flop (didn't bet)
Seat 2: freebeg folded before Flop (didn't bet)
Seat 3: nelectrik (button) folded on the Flop
Seat 4: Svat73 (small blind) folded before Flop
Seat 5: Newts333 (big blind) collected ($0.13)
Seat 6: Dorex2007 folded before Flop (didn't bet)
Seat 7: Paty Doll726 folded before Flop (didn't bet)
Seat 8: nicaDAWG69 folded before Flop (didn't bet)
Seat 9: OldRasta1984 folded before Flop (didn't bet)



PokerStars Hand #232945073820:  Hold'em No Limit ($0.01/$0.02 USD) - 2022/01/08 12:24:16 PT [2022/01/08 15:24:16 ET]
Table 'Bengt V' 9-max Seat #4 is the button
Seat 1: pachazinho ($0.85 in chips) 
Seat 2: freebeg ($0.65 in chips) 
Seat 3: nelectrik ($1.96 in chips) 
Seat 4: Svat73 ($1.83 in chips) 
Seat 5: Newts333 ($2.18 in chips) 
Seat 6: Dorex2007 ($2 in chips) 
Seat 7: Paty Doll726 ($0.99 in chips) 
Seat 8: nicaDAWG69 ($2.68 in chips) 
Seat 9: OldRasta1984 ($0.87 in chips) 
Newts333: posts small blind $0.01
Dorex2007: posts big blind $0.02
*** HOLE CARDS ***
Dealt to Dorex2007 [Kd 8s]
Paty Doll726: folds 
nicaDAWG69: calls $0.02
OldRasta1984: folds 
pachazinho: calls $0.02
freebeg: folds 
nelectrik: folds 
Svat73: folds 
Newts333: calls $0.01
Dorex2007: checks 
*** FLOP *** [6h 9s Qc]
Newts333: checks 
Dorex2007: checks 
nicaDAWG69: checks 
pachazinho: checks 
*** TURN *** [6h 9s Qc] [8d]
Newts333: checks 
Dorex2007: checks 
nicaDAWG69: checks 
pachazinho: checks 
*** RIVER *** [6h 9s Qc 8d] [8c]
Newts333: checks 
Dorex2007: checks 
nicaDAWG69: checks 
pachazinho: checks 
*** SHOW DOWN ***
Newts333: shows [3d 2c] (a pair of Eights)
Dorex2007: shows [Kd 8s] (three of a kind, Eights)
nicaDAWG69: mucks hand 
pachazinho: mucks hand 
Dorex2007 collected $0.08 from pot
*** SUMMARY ***
Total pot $0.08 | Rake $0 
Board [6h 9s Qc 8d 8c]
Seat 1: pachazinho mucked [Ks 5s]
Seat 2: freebeg folded before Flop (didn't bet)
Seat 3: nelectrik folded before Flop (didn't bet)
Seat 4: Svat73 (button) folded before Flop (didn't bet)
Seat 5: Newts333 (small blind) showed [3d 2c] and lost with a pair of Eights
Seat 6: Dorex2007 (big blind) showed [Kd 8s] and won ($0.08) with three of a kind, Eights
Seat 7: Paty Doll726 folded before Flop (didn't bet)
Seat 8: nicaDAWG69 mucked [3h 4s]
Seat 9: OldRasta1984 folded before Flop (didn't bet)



PokerStars Hand #232945120851:  Hold'em No Limit ($0.01/$0.02 USD) - 2022/01/08 12:25:21 PT [2022/01/08 15:25:21 ET]
Table 'Bengt V' 9-max Seat #5 is the button
Seat 1: pachazinho ($0.83 in chips) 
Seat 2: freebeg ($0.65 in chips) 
Seat 3: nelectrik ($1.96 in chips) 
Seat 4: Svat73 ($1.83 in chips) 
Seat 5: Newts333 ($2.16 in chips) 
Seat 6: Dorex2007 ($2.06 in chips) 
Seat 7: Paty Doll726 ($0.99 in chips) 
Seat 8: nicaDAWG69 ($2.66 in chips) 
Seat 9: OldRasta1984 ($0.87 in chips) 
Dorex2007: posts small blind $0.01
Paty Doll726: posts big blind $0.02
*** HOLE CARDS ***
Dealt to Dorex2007 [Jd 6d]
nicaDAWG69: calls $0.02
OldRasta1984: folds 
pachazinho: calls $0.02
freebeg: folds 
nelectrik has timed out
nelectrik: folds 
Svat73: folds 
Newts333: calls $0.02
Dorex2007: folds 
Paty Doll726: checks 
*** FLOP *** [9h 3h Ad]
Paty Doll726: checks 
nicaDAWG69: checks 
pachazinho: bets $0.09
Newts333: folds 
Paty Doll726: folds 
nicaDAWG69: folds 
Uncalled bet ($0.09) returned to pachazinho
pachazinho collected $0.09 from pot
*** SUMMARY ***
Total pot $0.09 | Rake $0 
Board [9h 3h Ad]
Seat 1: pachazinho collected ($0.09)
Seat 2: freebeg folded before Flop (didn't bet)
Seat 3: nelectrik folded before Flop (didn't bet)
Seat 4: Svat73 folded before Flop (didn't bet)
Seat 5: Newts333 (button) folded on the Flop
Seat 6: Dorex2007 (small blind) folded before Flop
Seat 7: Paty Doll726 (big blind) folded on the Flop
Seat 8: nicaDAWG69 folded on the Flop
Seat 9: OldRasta1984 folded before Flop (didn't bet)



PokerStars Hand #232945267971:  Hold'em No Limit ($0.01/$0.02 USD) - 2022/01/08 12:28:58 PT [2022/01/08 15:28:58 ET]
Table 'Bengt V' 9-max Seat #1 is the button
Seat 1: pachazinho ($0.83 in chips) 
Seat 2: freebeg ($0.57 in chips) 
Seat 3: nelectrik ($1.96 in chips) 
Seat 4: Svat73 ($2.02 in chips) 
Seat 5: Newts333 ($2.32 in chips) 
Seat 6: Dorex2007 ($2.05 in chips) 
Seat 7: Paty Doll726 ($0.85 in chips) 
Seat 8: nicaDAWG69 ($1.88 in chips) 
Seat 9: OldRasta1984 ($1.47 in chips) 
freebeg: posts small blind $0.01
nelectrik: posts big blind $0.02
*** HOLE CARDS ***
Dealt to Dorex2007 [8h Qd]
Svat73: raises $0.04 to $0.06
Newts333: calls $0.06
Dorex2007: folds 
Paty Doll726: folds 
nicaDAWG69: calls $0.06
OldRasta1984: folds 
pachazinho: calls $0.06
freebeg: calls $0.05
nelectrik: folds 
*** FLOP *** [7s 8s 6s]
freebeg: bets $0.02
Svat73: raises $0.02 to $0.04
Newts333: calls $0.04
nicaDAWG69: folds 
pachazinho: folds 
freebeg: calls $0.02
*** TURN *** [7s 8s 6s] [7h]
freebeg: checks 
Svat73: checks 
Newts333: checks 
*** RIVER *** [7s 8s 6s 7h] [Js]
freebeg: bets $0.04
Svat73: folds 
Newts333: calls $0.04
*** SHOW DOWN ***
freebeg: shows [Qs Td] (a flush, Queen high)
Newts333: mucks hand 
freebeg collected $0.50 from pot
*** SUMMARY ***
Total pot $0.52 | Rake $0.02 
Board [7s 8s 6s 7h Js]
Seat 1: pachazinho (button) folded on the Flop
Seat 2: freebeg (small blind) showed [Qs Td] and won ($0.50) with a flush, Queen high
Seat 3: nelectrik (big blind) folded before Flop
Seat 4: Svat73 folded on the River
Seat 5: Newts333 mucked [9h Jh]
Seat 6: Dorex2007 folded before Flop (didn't bet)
Seat 7: Paty Doll726 folded before Flop (didn't bet)
Seat 8: nicaDAWG69 folded on the Flop
Seat 9: OldRasta1984 folded before Flop (didn't bet)



PokerStars Hand #232945312828:  Hold'em No Limit ($0.01/$0.02 USD) - 2022/01/08 12:30:05 PT [2022/01/08 15:30:05 ET]
Table 'Bengt V' 9-max Seat #2 is the button
Seat 1: pachazinho ($0.77 in chips) 
Seat 2: freebeg ($0.93 in chips) 
Seat 3: nelectrik ($1.94 in chips) 
Seat 4: Svat73 ($1.92 in chips) 
Seat 5: Newts333 ($2.18 in chips) 
Seat 6: Dorex2007 ($2.05 in chips) 
Seat 7: Paty Doll726 ($0.85 in chips) 
Seat 8: nicaDAWG69 ($1.82 in chips) 
Seat 9: OldRasta1984 ($1.47 in chips) 
nelectrik: posts small blind $0.01
Svat73: posts big blind $0.02
*** HOLE CARDS ***
Dealt to Dorex2007 [4s Qd]
Newts333: calls $0.02
Dorex2007: folds 
Paty Doll726: folds 
nicaDAWG69: calls $0.02
OldRasta1984: folds 
pachazinho: calls $0.02
freebeg: folds 
nelectrik: calls $0.01
Svat73: checks 
*** FLOP *** [Qh Td 7s]
nelectrik: checks 
Svat73: checks 
Newts333: checks 
nicaDAWG69: bets $0.02
pachazinho: raises $0.14 to $0.16
nelectrik: folds 
Svat73: folds 
Newts333: folds 
nicaDAWG69: calls $0.14
*** TURN *** [Qh Td 7s] [Qs]
nicaDAWG69: bets $0.20
pachazinho: calls $0.20
*** RIVER *** [Qh Td 7s Qs] [Kd]
nicaDAWG69: checks 
pachazinho: bets $0.39 and is all-in
nicaDAWG69: folds 
Uncalled bet ($0.39) returned to pachazinho
pachazinho collected $0.79 from pot
*** SUMMARY ***
Total pot $0.82 | Rake $0.03 
Board [Qh Td 7s Qs Kd]
Seat 1: pachazinho collected ($0.79)
Seat 2: freebeg (button) folded before Flop (didn't bet)
Seat 3: nelectrik (small blind) folded on the Flop
Seat 4: Svat73 (big blind) folded on the Flop
Seat 5: Newts333 folded on the Flop
Seat 6: Dorex2007 folded before Flop (didn't bet)
Seat 7: Paty Doll726 folded before Flop (didn't bet)
Seat 8: nicaDAWG69 folded on the River
Seat 9: OldRasta1984 folded before Flop (didn't bet)



PokerStars Hand #232945372014:  Hold'em No Limit ($0.01/$0.02 USD) - 2022/01/08 12:31:32 PT [2022/01/08 15:31:32 ET]
Table 'Bengt V' 9-max Seat #3 is the button
Seat 1: pachazinho ($1.18 in chips) 
Seat 2: freebeg ($0.93 in chips) 
Seat 3: nelectrik ($1.92 in chips) 
Seat 4: Svat73 ($1.90 in chips) 
Seat 5: Newts333 ($2.16 in chips) 
Seat 6: Dorex2007 ($2.05 in chips) 
Seat 7: Paty Doll726 ($0.85 in chips) 
Seat 8: nicaDAWG69 ($1.44 in chips) 
Seat 9: OldRasta1984 ($1.47 in chips) 
Svat73: posts small blind $0.01
Newts333: posts big blind $0.02
*** HOLE CARDS ***
Dealt to Dorex2007 [6c 7c]
Dorex2007: folds 
Paty Doll726: folds 
nicaDAWG69: calls $0.02
OldRasta1984: folds 
pachazinho: calls $0.02
freebeg: folds 
nelectrik: folds 
Svat73: calls $0.01
Newts333: checks 
*** FLOP *** [2s Jh Jd]
Svat73: checks 
Newts333: checks 
nicaDAWG69: checks 
pachazinho: checks 
*** TURN *** [2s Jh Jd] [9d]
Svat73: checks 
Newts333: checks 
nicaDAWG69: checks 
pachazinho: bets $0.08
Svat73: folds 
Newts333: calls $0.08
nicaDAWG69: calls $0.08
*** RIVER *** [2s Jh Jd 9d] [Ks]
Newts333: bets $0.15
nicaDAWG69: folds 
pachazinho: folds 
Uncalled bet ($0.15) returned to Newts333
Newts333 collected $0.31 from pot
Newts333: doesn't show hand 
*** SUMMARY ***
Total pot $0.32 | Rake $0.01 
Board [2s Jh Jd 9d Ks]
Seat 1: pachazinho folded on the River
Seat 2: freebeg folded before Flop (didn't bet)
Seat 3: nelectrik (button) folded before Flop (didn't bet)
Seat 4: Svat73 (small blind) folded on the Turn
Seat 5: Newts333 (big blind) collected ($0.31)
Seat 6: Dorex2007 folded before Flop (didn't bet)
Seat 7: Paty Doll726 folded before Flop (didn't bet)
Seat 8: nicaDAWG69 folded on the River
Seat 9: OldRasta1984 folded before Flop (didn't bet)



PokerStars Hand #232945443699:  Hold'em No Limit ($0.01/$0.02 USD) - 2022/01/08 12:33:19 PT [2022/01/08 15:33:19 ET]
Table 'Bengt V' 9-max Seat #4 is the button
Seat 1: pachazinho ($1.08 in chips) 
Seat 2: freebeg ($0.93 in chips) 
Seat 3: nelectrik ($1.92 in chips) 
Seat 4: Svat73 ($1.88 in chips) 
Seat 5: Newts333 ($2.37 in chips) 
Seat 6: Dorex2007 ($2.05 in chips) 
Seat 7: Paty Doll726 ($0.85 in chips) 
Seat 8: nicaDAWG69 ($1.34 in chips) 
Seat 9: OldRasta1984 ($1.47 in chips) 
Newts333: posts small blind $0.01
Dorex2007: posts big blind $0.02
*** HOLE CARDS ***
Dealt to Dorex2007 [Kd Qh]
Paty Doll726: folds 
nicaDAWG69: folds 
OldRasta1984: folds 
pachazinho: folds 
freebeg: calls $0.02
nelectrik: folds 
Svat73: calls $0.02
Newts333: calls $0.01
Dorex2007: checks 
*** FLOP *** [3s As 7d]
Newts333: checks 
Dorex2007: checks 
freebeg: checks 
Svat73: bets $0.04
Newts333: folds 
Dorex2007: folds 
freebeg: folds 
Uncalled bet ($0.04) returned to Svat73
Svat73 collected $0.08 from pot
*** SUMMARY ***
Total pot $0.08 | Rake $0 
Board [3s As 7d]
Seat 1: pachazinho folded before Flop (didn't bet)
Seat 2: freebeg folded on the Flop
Seat 3: nelectrik folded before Flop (didn't bet)
Seat 4: Svat73 (button) collected ($0.08)
Seat 5: Newts333 (small blind) folded on the Flop
Seat 6: Dorex2007 (big blind) folded on the Flop
Seat 7: Paty Doll726 folded before Flop (didn't bet)
Seat 8: nicaDAWG69 folded before Flop (didn't bet)
Seat 9: OldRasta1984 folded before Flop (didn't bet)



PokerStars Hand #232945474291:  Hold'em No Limit ($0.01/$0.02 USD) - 2022/01/08 12:34:04 PT [2022/01/08 15:34:04 ET]
Table 'Bengt V' 9-max Seat #5 is the button
Seat 1: pachazinho ($1.08 in chips) 
Seat 2: freebeg ($0.91 in chips) 
Seat 3: nelectrik ($1.92 in chips) 
Seat 4: Svat73 ($1.94 in chips) 
Seat 5: Newts333 ($2.35 in chips) 
Seat 6: Dorex2007 ($2.03 in chips) 
Seat 7: Paty Doll726 ($0.85 in chips) 
Seat 8: nicaDAWG69 ($1.34 in chips) 
Seat 9: OldRasta1984 ($1.47 in chips) 
Dorex2007: posts small blind $0.01
Paty Doll726: posts big blind $0.02
*** HOLE CARDS ***
Dealt to Dorex2007 [Th 6c]
nicaDAWG69: calls $0.02
OldRasta1984: folds 
pachazinho: folds 
freebeg: folds 
nelectrik: folds 
Svat73: folds 
Newts333: folds 
Dorex2007: folds 
Paty Doll726: checks 
*** FLOP *** [9h 8c 8h]
Paty Doll726: checks 
nicaDAWG69: checks 
*** TURN *** [9h 8c 8h] [9s]
Paty Doll726: checks 
nicaDAWG69: checks 
*** RIVER *** [9h 8c 8h 9s] [Ac]
Paty Doll726: checks 
nicaDAWG69: checks 
*** SHOW DOWN ***
Paty Doll726: shows [Qs 6s] (two pair, Nines and Eights)
nicaDAWG69: shows [Ks 4d] (two pair, Nines and Eights)
Paty Doll726 collected $0.03 from pot
nicaDAWG69 collected $0.02 from pot
*** SUMMARY ***
Total pot $0.05 | Rake $0 
Board [9h 8c 8h 9s Ac]
Seat 1: pachazinho folded before Flop (didn't bet)
Seat 2: freebeg folded before Flop (didn't bet)
Seat 3: nelectrik folded before Flop (didn't bet)
Seat 4: Svat73 folded before Flop (didn't bet)
Seat 5: Newts333 (button) folded before Flop (didn't bet)
Seat 6: Dorex2007 (small blind) folded before Flop
Seat 7: Paty Doll726 (big blind) showed [Qs 6s] and won ($0.03) with two pair, Nines and Eights
Seat 8: nicaDAWG69 showed [Ks 4d] and won ($0.02) with two pair, Nines and Eights
Seat 9: OldRasta1984 folded before Flop (didn't bet)



PokerStars Hand #232945498422:  Hold'em No Limit ($0.01/$0.02 USD) - 2022/01/08 12:34:40 PT [2022/01/08 15:34:40 ET]
Table 'Bengt V' 9-max Seat #6 is the button
Seat 1: pachazinho ($1.08 in chips) 
Seat 2: freebeg ($0.91 in chips) 
Seat 3: nelectrik ($1.92 in chips) 
Seat 4: Svat73 ($1.94 in chips) 
Seat 5: Newts333 ($2.35 in chips) 
Seat 6: Dorex2007 ($2.02 in chips) 
Seat 7: Paty Doll726 ($0.86 in chips) 
Seat 8: nicaDAWG69 ($1.34 in chips) 
Seat 9: OldRasta1984 ($1.47 in chips) 
Paty Doll726: posts small blind $0.01
nicaDAWG69: posts big blind $0.02
*** HOLE CARDS ***
Dealt to Dorex2007 [Jd Ac]
OldRasta1984: folds 
pachazinho: folds 
freebeg: folds 
nelectrik: folds 
Svat73: calls $0.02
Newts333: calls $0.02
Dorex2007: calls $0.02
Paty Doll726: calls $0.01
nicaDAWG69: raises $0.04 to $0.06
Svat73: folds 
Newts333: calls $0.04
Dorex2007: calls $0.04
Paty Doll726: folds 
*** FLOP *** [Qc 3s Ts]
nicaDAWG69: bets $0.10
Newts333: folds 
Dorex2007: folds 
Uncalled bet ($0.10) returned to nicaDAWG69
nicaDAWG69 collected $0.21 from pot
nicaDAWG69: doesn't show hand 
*** SUMMARY ***
Total pot $0.22 | Rake $0.01 
Board [Qc 3s Ts]
Seat 1: pachazinho folded before Flop (didn't bet)
Seat 2: freebeg folded before Flop (didn't bet)
Seat 3: nelectrik folded before Flop (didn't bet)
Seat 4: Svat73 folded before Flop
Seat 5: Newts333 folded on the Flop
Seat 6: Dorex2007 (button) folded on the Flop
Seat 7: Paty Doll726 (small blind) folded before Flop
Seat 8: nicaDAWG69 (big blind) collected ($0.21)
Seat 9: OldRasta1984 folded before Flop (didn't bet)



PokerStars Hand #232945536755:  Hold'em No Limit ($0.01/$0.02 USD) - 2022/01/08 12:35:37 PT [2022/01/08 15:35:37 ET]
Table 'Bengt V' 9-max Seat #7 is the button
Seat 1: pachazinho ($1.08 in chips) 
Seat 2: freebeg ($0.91 in chips) 
Seat 3: nelectrik ($1.92 in chips) 
Seat 4: Svat73 ($1.92 in chips) 
Seat 5: Newts333 ($2.29 in chips) 
Seat 6: Dorex2007 ($2 in chips) 
Seat 7: Paty Doll726 ($0.84 in chips) 
Seat 8: nicaDAWG69 ($1.49 in chips) 
nicaDAWG69: posts small blind $0.01
OldRasta1984: is sitting out 
pachazinho: posts big blind $0.02
*** HOLE CARDS ***
Dealt to Dorex2007 [9s 5h]
freebeg: folds 
nelectrik has timed out
nelectrik: folds 
Svat73: folds 
Newts333 has timed out
Newts333: folds 
Dorex2007: folds 
Paty Doll726: folds 
nicaDAWG69: calls $0.01
OldRasta1984 leaves the table
pachazinho: checks 
*** FLOP *** [5c Qh 6s]
nicaDAWG69: checks 
pachazinho: checks 
*** TURN *** [5c Qh 6s] [5s]
nicaDAWG69: bets $0.02
pachazinho: calls $0.02
*** RIVER *** [5c Qh 6s 5s] [8s]
nicaDAWG69: bets $0.02
pachazinho: calls $0.02
*** SHOW DOWN ***
nicaDAWG69: shows [Ks 5d] (three of a kind, Fives)
pachazinho: mucks hand 
nicaDAWG69 collected $0.12 from pot
*** SUMMARY ***
Total pot $0.12 | Rake $0 
Board [5c Qh 6s 5s 8s]
Seat 1: pachazinho (big blind) mucked [8h 9h]
Seat 2: freebeg folded before Flop (didn't bet)
Seat 3: nelectrik folded before Flop (didn't bet)
Seat 4: Svat73 folded before Flop (didn't bet)
Seat 5: Newts333 folded before Flop (didn't bet)
Seat 6: Dorex2007 folded before Flop (didn't bet)
Seat 7: Paty Doll726 (button) folded before Flop (didn't bet)
Seat 8: nicaDAWG69 (small blind) showed [Ks 5d] and won ($0.12) with three of a kind, Fives



PokerStars Hand #232945577809:  Hold'em No Limit ($0.01/$0.02 USD) - 2022/01/08 12:36:39 PT [2022/01/08 15:36:39 ET]
Table 'Bengt V' 9-max Seat #8 is the button
Seat 1: pachazinho ($1.02 in chips) 
Seat 2: freebeg ($0.91 in chips) 
Seat 3: nelectrik ($1.92 in chips) 
Seat 4: Svat73 ($1.92 in chips) 
Seat 5: Newts333 ($2.29 in chips) 
Seat 6: Dorex2007 ($2 in chips) 
Seat 7: Paty Doll726 ($0.84 in chips) 
Seat 8: nicaDAWG69 ($1.55 in chips) 
pachazinho: posts small blind $0.01
freebeg: posts big blind $0.02
*** HOLE CARDS ***
Dealt to Dorex2007 [Js 7d]
nelectrik: folds 
Svat73: folds 
Newts333: calls $0.02
Dorex2007: folds 
Paty Doll726: folds 
nicaDAWG69: calls $0.02
pachazinho: calls $0.01
freebeg: checks 
*** FLOP *** [Qc Kh Jc]
pachazinho: checks 
freebeg: bets $0.02
kr@mp83 joins the table at seat #9 
Newts333: calls $0.02
nicaDAWG69: calls $0.02
pachazinho: calls $0.02
*** TURN *** [Qc Kh Jc] [Tc]
pachazinho: checks 
freebeg: checks 
Newts333: bets $0.07
nicaDAWG69: calls $0.07
pachazinho: calls $0.07
freebeg: folds 
*** RIVER *** [Qc Kh Jc Tc] [4d]
pachazinho: checks 
Newts333: checks 
nicaDAWG69: bets $0.18
pachazinho: calls $0.18
Newts333: calls $0.18
*** SHOW DOWN ***
nicaDAWG69: shows [Ad 9c] (a straight, Ten to Ace)
pachazinho: shows [3c As] (a straight, Ten to Ace)
Newts333: mucks hand 
pachazinho collected $0.44 from pot
nicaDAWG69 collected $0.44 from pot
*** SUMMARY ***
Total pot $0.91 | Rake $0.03 
Board [Qc Kh Jc Tc 4d]
Seat 1: pachazinho (small blind) showed [3c As] and won ($0.44) with a straight, Ten to Ace
Seat 2: freebeg (big blind) folded on the Turn
Seat 3: nelectrik folded before Flop (didn't bet)
Seat 4: Svat73 folded before Flop (didn't bet)
Seat 5: Newts333 mucked [Th 9h]
Seat 6: Dorex2007 folded before Flop (didn't bet)
Seat 7: Paty Doll726 folded before Flop (didn't bet)
Seat 8: nicaDAWG69 (button) showed [Ad 9c] and won ($0.44) with a straight, Ten to Ace



PokerStars Hand #232945642768:  Hold'em No Limit ($0.01/$0.02 USD) - 2022/01/08 12:38:04 PT [2022/01/08 15:38:04 ET]
Table 'Bengt V' 9-max Seat #1 is the button
Seat 1: pachazinho ($1.17 in chips) 
Seat 2: freebeg ($0.87 in chips) 
Seat 3: nelectrik ($1.92 in chips) 
Seat 4: Svat73 ($1.92 in chips) 
Seat 5: Newts333 ($2 in chips) 
Seat 6: Dorex2007 ($2 in chips) 
Seat 7: Paty Doll726 ($0.84 in chips) 
Seat 8: nicaDAWG69 ($1.70 in chips) 
freebeg: posts small blind $0.01
nelectrik: posts big blind $0.02
kr@mp83: sits out 
*** HOLE CARDS ***
Dealt to Dorex2007 [Td Ah]
Svat73: folds 
Newts333: folds 
Dorex2007: folds 
Paty Doll726: folds 
nicaDAWG69: folds 
pachazinho: folds 
freebeg: calls $0.01
nelectrik: raises $0.03 to $0.05
freebeg: folds 
Uncalled bet ($0.03) returned to nelectrik
nelectrik collected $0.04 from pot
nelectrik: doesn't show hand 
*** SUMMARY ***
Total pot $0.04 | Rake $0 
Seat 1: pachazinho (button) folded before Flop (didn't bet)
Seat 2: freebeg (small blind) folded before Flop
Seat 3: nelectrik (big blind) collected ($0.04)
Seat 4: Svat73 folded before Flop (didn't bet)
Seat 5: Newts333 folded before Flop (didn't bet)
Seat 6: Dorex2007 folded before Flop (didn't bet)
Seat 7: Paty Doll726 folded before Flop (didn't bet)
Seat 8: nicaDAWG69 folded before Flop (didn't bet)



PokerStars Hand #232945664177:  Hold'em No Limit ($0.01/$0.02 USD) - 2022/01/08 12:38:36 PT [2022/01/08 15:38:36 ET]
Table 'Bengt V' 9-max Seat #2 is the button
Seat 1: pachazinho ($1.17 in chips) 
Seat 2: freebeg ($0.85 in chips) 
Seat 3: nelectrik ($1.94 in chips) 
Seat 4: Svat73 ($1.92 in chips) 
Seat 5: Newts333 ($2 in chips) 
Seat 6: Dorex2007 ($2 in chips) 
Seat 7: Paty Doll726 ($0.84 in chips) 
Seat 8: nicaDAWG69 ($1.70 in chips) 
nelectrik: posts small blind $0.01
Svat73: posts big blind $0.02
kr@mp83: sits out 
*** HOLE CARDS ***
Dealt to Dorex2007 [4c Ad]
Newts333 has timed out
Newts333: folds 
Dorex2007: folds 
Paty Doll726: folds 
nicaDAWG69: calls $0.02
pachazinho: raises $0.04 to $0.06
freebeg: folds 
nelectrik: folds 
Newts333 leaves the table
Svat73: calls $0.04
cronnan joins the table at seat #5 
nicaDAWG69: calls $0.04
*** FLOP *** [8d Qd 4h]
Svat73: bets $0.09
nicaDAWG69: folds 
pachazinho: calls $0.09
*** TURN *** [8d Qd 4h] [6d]
Svat73: bets $0.12
pachazinho: calls $0.12
*** RIVER *** [8d Qd 4h 6d] [7c]
Svat73: checks 
pachazinho: checks 
*** SHOW DOWN ***
Svat73: shows [Jd Js] (a pair of Jacks)
pachazinho: shows [Kd Qc] (a pair of Queens)
pachazinho collected $0.59 from pot
*** SUMMARY ***
Total pot $0.61 | Rake $0.02 
Board [8d Qd 4h 6d 7c]
Seat 1: pachazinho showed [Kd Qc] and won ($0.59) with a pair of Queens
Seat 2: freebeg (button) folded before Flop (didn't bet)
Seat 3: nelectrik (small blind) folded before Flop
Seat 4: Svat73 (big blind) showed [Jd Js] and lost with a pair of Jacks
Seat 5: Newts333 folded before Flop (didn't bet)
Seat 6: Dorex2007 folded before Flop (didn't bet)
Seat 7: Paty Doll726 folded before Flop (didn't bet)
Seat 8: nicaDAWG69 folded on the Flop



PokerStars Hand #232945734936:  Hold'em No Limit ($0.01/$0.02 USD) - 2022/01/08 12:40:13 PT [2022/01/08 15:40:13 ET]
Table 'Bengt V' 9-max Seat #3 is the button
Seat 1: pachazinho ($1.49 in chips) 
Seat 2: freebeg ($0.85 in chips) 
Seat 3: nelectrik ($1.93 in chips) 
Seat 4: Svat73 ($1.65 in chips) 
Seat 5: cronnan ($1.98 in chips) 
Seat 6: Dorex2007 ($2 in chips) 
Seat 7: Paty Doll726 ($0.84 in chips) 
Seat 8: nicaDAWG69 ($1.64 in chips) 
Svat73: posts small blind $0.01
cronnan: posts big blind $0.02
kr@mp83: sits out 
*** HOLE CARDS ***
Dealt to Dorex2007 [7s 3s]
Dorex2007: folds 
Paty Doll726 has timed out
Paty Doll726: folds 
nicaDAWG69: calls $0.02
pachazinho: folds 
freebeg: folds 
nelectrik: folds 
Svat73: folds 
cronnan: raises $0.07 to $0.09
nicaDAWG69: calls $0.07
*** FLOP *** [5c 4s Kc]
cronnan: bets $0.11
nicaDAWG69: calls $0.11
*** TURN *** [5c 4s Kc] [7h]
cronnan: checks 
nicaDAWG69: bets $0.20
cronnan: folds 
Uncalled bet ($0.20) returned to nicaDAWG69
nicaDAWG69 collected $0.40 from pot
nicaDAWG69: doesn't show hand 
*** SUMMARY ***
Total pot $0.41 | Rake $0.01 
Board [5c 4s Kc 7h]
Seat 1: pachazinho folded before Flop (didn't bet)
Seat 2: freebeg folded before Flop (didn't bet)
Seat 3: nelectrik (button) folded before Flop (didn't bet)
Seat 4: Svat73 (small blind) folded before Flop
Seat 5: cronnan (big blind) folded on the Turn
Seat 6: Dorex2007 folded before Flop (didn't bet)
Seat 7: Paty Doll726 folded before Flop (didn't bet)
Seat 8: nicaDAWG69 collected ($0.40)



PokerStars Hand #232945772339:  Hold'em No Limit ($0.01/$0.02 USD) - 2022/01/08 12:41:09 PT [2022/01/08 15:41:09 ET]
Table 'Bengt V' 9-max Seat #4 is the button
Seat 1: pachazinho ($1.49 in chips) 
Seat 2: freebeg ($0.85 in chips) 
Seat 3: nelectrik ($1.93 in chips) 
Seat 4: Svat73 ($1.64 in chips) 
Seat 5: cronnan ($1.78 in chips) 
Seat 6: Dorex2007 ($2 in chips) 
Seat 8: nicaDAWG69 ($1.84 in chips) 
cronnan: posts small blind $0.01
Dorex2007: posts big blind $0.02
kr@mp83: sits out 
*** HOLE CARDS ***
Dealt to Dorex2007 [Ts 4h]
nicaDAWG69: calls $0.02
pachazinho: calls $0.02
freebeg: folds 
nelectrik: raises $0.03 to $0.05
Svat73: folds 
cronnan: folds 
Dorex2007: folds 
nicaDAWG69: calls $0.03
pachazinho: calls $0.03
*** FLOP *** [6d 6s 6h]
Paty Doll726 leaves the table
nicaDAWG69: bets $0.17
pachazinho: folds 
nelectrik: folds 
Uncalled bet ($0.17) returned to nicaDAWG69
nicaDAWG69 collected $0.17 from pot
nicaDAWG69: doesn't show hand 
*** SUMMARY ***
Total pot $0.18 | Rake $0.01 
Board [6d 6s 6h]
Seat 1: pachazinho folded on the Flop
Seat 2: freebeg folded before Flop (didn't bet)
Seat 3: nelectrik folded on the Flop
Seat 4: Svat73 (button) folded before Flop (didn't bet)
Seat 5: cronnan (small blind) folded before Flop
Seat 6: Dorex2007 (big blind) folded before Flop
Seat 8: nicaDAWG69 collected ($0.17)



PokerStars Hand #232945809935:  Hold'em No Limit ($0.01/$0.02 USD) - 2022/01/08 12:42:05 PT [2022/01/08 15:42:05 ET]
Table 'Bengt V' 9-max Seat #5 is the button
Seat 1: pachazinho ($1.44 in chips) 
Seat 2: freebeg ($0.85 in chips) 
Seat 3: nelectrik ($1.88 in chips) 
Seat 4: Svat73 ($1.64 in chips) 
Seat 5: cronnan ($1.99 in chips) 
Seat 6: Dorex2007 ($2 in chips) 
Seat 8: nicaDAWG69 ($1.96 in chips) 
Dorex2007: posts small blind $0.01
nicaDAWG69: posts big blind $0.02
kr@mp83: sits out 
*** HOLE CARDS ***
Dealt to Dorex2007 [7h Qd]
pachazinho: folds 
freebeg: folds 
Artiom198 joins the table at seat #7 
kr@mp83 leaves the table
nelectrik has timed out
nelectrik: folds 
Svat73: folds 
cronnan: folds 
Dorex2007: folds 
Uncalled bet ($0.01) returned to nicaDAWG69
nicaDAWG69 collected $0.02 from pot
nicaDAWG69: doesn't show hand 
*** SUMMARY ***
Total pot $0.02 | Rake $0 
Seat 1: pachazinho folded before Flop (didn't bet)
Seat 2: freebeg folded before Flop (didn't bet)
Seat 3: nelectrik folded before Flop (didn't bet)
Seat 4: Svat73 folded before Flop (didn't bet)
Seat 5: cronnan (button) folded before Flop (didn't bet)
Seat 6: Dorex2007 (small blind) folded before Flop
Seat 8: nicaDAWG69 (big blind) collected ($0.02)



PokerStars Hand #232945827922:  Hold'em No Limit ($0.01/$0.02 USD) - 2022/01/08 12:42:32 PT [2022/01/08 15:42:32 ET]
Table 'Bengt V' 9-max Seat #6 is the button
Seat 1: pachazinho ($1.44 in chips) 
Seat 2: freebeg ($0.85 in chips) 
Seat 4: Svat73 ($1.64 in chips) 
Seat 5: cronnan ($1.99 in chips) 
Seat 6: Dorex2007 ($2 in chips) 
Seat 8: nicaDAWG69 ($1.97 in chips) 
nicaDAWG69: posts small blind $0.01
pachazinho: posts big blind $0.02
*** HOLE CARDS ***
Dealt to Dorex2007 [3c Kh]
freebeg: calls $0.02
Svat73: folds 
cronnan: folds 
Dorex2007: folds 
nicaDAWG69: calls $0.01
pachazinho: checks 
*** FLOP *** [Td 8d 7h]
nicaDAWG69: bets $0.03
pachazinho: calls $0.03
freebeg: calls $0.03
*** TURN *** [Td 8d 7h] [4c]
nicaDAWG69: checks 
pachazinho: checks 
freebeg: bets $0.07
nicaDAWG69: calls $0.07
pachazinho: calls $0.07
*** RIVER *** [Td 8d 7h 4c] [Ah]
nicaDAWG69: checks 
pachazinho: checks 
freebeg: checks 
*** SHOW DOWN ***
nicaDAWG69: shows [4h 5h] (a pair of Fours)
pachazinho: shows [5d 7c] (a pair of Sevens)
freebeg: shows [Js Jh] (a pair of Jacks)
freebeg collected $0.35 from pot
*** SUMMARY ***
Total pot $0.36 | Rake $0.01 
Board [Td 8d 7h 4c Ah]
Seat 1: pachazinho (big blind) showed [5d 7c] and lost with a pair of Sevens
Seat 2: freebeg showed [Js Jh] and won ($0.35) with a pair of Jacks
Seat 4: Svat73 folded before Flop (didn't bet)
Seat 5: cronnan folded before Flop (didn't bet)
Seat 6: Dorex2007 (button) folded before Flop (didn't bet)
Seat 8: nicaDAWG69 (small blind) showed [4h 5h] and lost with a pair of Fours



PokerStars Hand #232945866113:  Hold'em No Limit ($0.01/$0.02 USD) - 2022/01/08 12:43:29 PT [2022/01/08 15:43:29 ET]
Table 'Bengt V' 9-max Seat #8 is the button
Seat 1: pachazinho ($1.32 in chips) 
Seat 2: freebeg ($1.08 in chips) 
Seat 3: nelectrik ($1.88 in chips) 
Seat 4: Svat73 ($1.64 in chips) 
Seat 5: cronnan ($1.99 in chips) 
Seat 6: Dorex2007 ($2 in chips) 
Seat 8: nicaDAWG69 ($1.85 in chips) 
pachazinho: posts small blind $0.01
freebeg: posts big blind $0.02
*** HOLE CARDS ***
Dealt to Dorex2007 [Ad 5s]
nelectrik: calls $0.02
Svat73: folds 
cronnan: folds 
Dorex2007: folds 
nicaDAWG69: folds 
pachazinho: raises $0.04 to $0.06
freebeg: folds 
nelectrik: calls $0.04
*** FLOP *** [9d Kd 4d]
pachazinho: checks 
nelectrik: checks 
*** TURN *** [9d Kd 4d] [9s]
pachazinho: bets $0.14
nelectrik: folds 
Uncalled bet ($0.14) returned to pachazinho
pachazinho collected $0.14 from pot
*** SUMMARY ***
Total pot $0.14 | Rake $0 
Board [9d Kd 4d 9s]
Seat 1: pachazinho (small blind) collected ($0.14)
Seat 2: freebeg (big blind) folded before Flop
Seat 3: nelectrik folded on the Turn
Seat 4: Svat73 folded before Flop (didn't bet)
Seat 5: cronnan folded before Flop (didn't bet)
Seat 6: Dorex2007 folded before Flop (didn't bet)
Seat 8: nicaDAWG69 (button) folded before Flop (didn't bet)



PokerStars Hand #232945888401:  Hold'em No Limit ($0.01/$0.02 USD) - 2022/01/08 12:44:02 PT [2022/01/08 15:44:02 ET]
Table 'Bengt V' 9-max Seat #1 is the button
Seat 1: pachazinho ($1.40 in chips) 
Seat 2: freebeg ($1.06 in chips) 
Seat 3: nelectrik ($1.82 in chips) 
Seat 4: Svat73 ($1.64 in chips) 
Seat 5: cronnan ($1.99 in chips) 
Seat 6: Dorex2007 ($2 in chips) 
Seat 8: nicaDAWG69 ($1.85 in chips) 
freebeg: posts small blind $0.01
nelectrik: posts big blind $0.02
*** HOLE CARDS ***
Dealt to Dorex2007 [4s 2c]
Svat73: folds 
cronnan: raises $0.07 to $0.09
Dorex2007: folds 
nicaDAWG69: folds 
pachazinho: folds 
freebeg: folds 
nelectrik: folds 
Uncalled bet ($0.07) returned to cronnan
cronnan collected $0.05 from pot
cronnan: doesn't show hand 
*** SUMMARY ***
Total pot $0.05 | Rake $0 
Seat 1: pachazinho (button) folded before Flop (didn't bet)
Seat 2: freebeg (small blind) folded before Flop
Seat 3: nelectrik (big blind) folded before Flop
Seat 4: Svat73 folded before Flop (didn't bet)
Seat 5: cronnan collected ($0.05)
Seat 6: Dorex2007 folded before Flop (didn't bet)
Seat 8: nicaDAWG69 folded before Flop (didn't bet)



PokerStars Hand #232945907358:  Hold'em No Limit ($0.01/$0.02 USD) - 2022/01/08 12:44:30 PT [2022/01/08 15:44:30 ET]
Table 'Bengt V' 9-max Seat #2 is the button
Seat 1: pachazinho ($1.40 in chips) 
Seat 2: freebeg ($1.05 in chips) 
Seat 3: nelectrik ($1.80 in chips) 
Seat 4: Svat73 ($1.64 in chips) 
Seat 5: cronnan ($2.02 in chips) 
Seat 6: Dorex2007 ($2 in chips) 
Seat 8: nicaDAWG69 ($1.85 in chips) 
nelectrik: posts small blind $0.01
Svat73: posts big blind $0.02
*** HOLE CARDS ***
Dealt to Dorex2007 [2s 8h]
cronnan: folds 
Dorex2007: folds 
nicaDAWG69: calls $0.02
pachazinho: folds 
freebeg: folds 
Asparrowhawk joins the table at seat #9 
nelectrik: raises $0.06 to $0.08
Svat73: folds 
nicaDAWG69: calls $0.06
*** FLOP *** [6s Ts Js]
nelectrik: bets $0.09
nicaDAWG69: raises $0.35 to $0.44
nelectrik: raises $1.26 to $1.70
nicaDAWG69: raises $0.07 to $1.77 and is all-in
nelectrik: calls $0.02 and is all-in
Uncalled bet ($0.05) returned to nicaDAWG69
*** TURN *** [6s Ts Js] [7s]
*** RIVER *** [6s Ts Js 7s] [Jd]
*** SHOW DOWN ***
nelectrik: shows [Qh As] (a flush, Ace high)
nicaDAWG69: shows [Jc Ks] (a flush, King high)
nelectrik collected $3.49 from pot
*** SUMMARY ***
Total pot $3.62 | Rake $0.13 
Board [6s Ts Js 7s Jd]
Seat 1: pachazinho folded before Flop (didn't bet)
Seat 2: freebeg (button) folded before Flop (didn't bet)
Seat 3: nelectrik (small blind) showed [Qh As] and won ($3.49) with a flush, Ace high
Seat 4: Svat73 (big blind) folded before Flop
Seat 5: cronnan folded before Flop (didn't bet)
Seat 6: Dorex2007 folded before Flop (didn't bet)
Seat 8: nicaDAWG69 showed [Jc Ks] and lost with a flush, King high



PokerStars Hand #232945953667:  Hold'em No Limit ($0.01/$0.02 USD) - 2022/01/08 12:45:39 PT [2022/01/08 15:45:39 ET]
Table 'Bengt V' 9-max Seat #3 is the button
Seat 1: pachazinho ($1.40 in chips) 
Seat 2: freebeg ($1.05 in chips) 
Seat 3: nelectrik ($3.49 in chips) 
Seat 4: Svat73 ($1.62 in chips) 
Seat 5: cronnan ($2.02 in chips) 
Seat 6: Dorex2007 ($2 in chips) 
Seat 8: nicaDAWG69 ($0.05 in chips) 
Svat73: posts small blind $0.01
cronnan: posts big blind $0.02
Asparrowhawk: sits out 
*** HOLE CARDS ***
Dealt to Dorex2007 [9s Jd]
Dorex2007: folds 
nicaDAWG69: calls $0.02
pachazinho: calls $0.02
freebeg: folds 
nelectrik: folds 
Svat73: folds 
cronnan: checks 
*** FLOP *** [3c 6h Ks]
cronnan: checks 
nicaDAWG69: bets $0.03 and is all-in
pachazinho: calls $0.03
cronnan: folds 
*** TURN *** [3c 6h Ks] [Td]
*** RIVER *** [3c 6h Ks Td] [2s]
*** SHOW DOWN ***
nicaDAWG69: shows [Js 6s] (a pair of Sixes)
pachazinho: shows [3d Ah] (a pair of Threes)
nicaDAWG69 cashed out the hand for $0.11
*** SUMMARY ***
Total pot $0.13 | Rake $0 
Board [3c 6h Ks Td 2s]
Seat 1: pachazinho showed [3d Ah] and lost with a pair of Threes
Seat 2: freebeg folded before Flop (didn't bet)
Seat 3: nelectrik (button) folded before Flop (didn't bet)
Seat 4: Svat73 (small blind) folded before Flop
Seat 5: cronnan (big blind) folded on the Flop
Seat 6: Dorex2007 folded before Flop (didn't bet)
Seat 8: nicaDAWG69 showed [Js 6s] and won ($0.13) with a pair of Sixes (pot not awarded as player cashed out)



PokerStars Hand #232945999533:  Hold'em No Limit ($0.01/$0.02 USD) - 2022/01/08 12:46:48 PT [2022/01/08 15:46:48 ET]
Table 'Bengt V' 9-max Seat #4 is the button
Seat 1: pachazinho ($1.35 in chips) 
Seat 2: freebeg ($1.05 in chips) 
Seat 3: nelectrik ($3.49 in chips) 
Seat 4: Svat73 ($1.61 in chips) 
Seat 5: cronnan ($2 in chips) 
Seat 6: Dorex2007 ($2 in chips) 
Seat 8: nicaDAWG69 ($0.11 in chips) 
Seat 9: Asparrowhawk ($1.88 in chips) 
cronnan: posts small blind $0.01
Dorex2007: posts big blind $0.02
Asparrowhawk: posts big blind $0.02
*** HOLE CARDS ***
Dealt to Dorex2007 [2h 6s]
nicaDAWG69: calls $0.02
Asparrowhawk: checks 
pachazinho: folds 
freebeg: folds 
nelectrik: folds 
Svat73: calls $0.02
cronnan: raises $0.02 to $0.04
Dorex2007: folds 
nicaDAWG69: calls $0.02
Asparrowhawk: calls $0.02
Svat73: calls $0.02
*** FLOP *** [Ac 8d Ts]
cronnan: bets $0.04
nicaDAWG69: folds 
nicaDAWG69 is disconnected 
Asparrowhawk: folds 
Svat73: calls $0.04
*** TURN *** [Ac 8d Ts] [4h]
cronnan: bets $0.12
Svat73: calls $0.12
*** RIVER *** [Ac 8d Ts 4h] [Kh]
cronnan: bets $0.20
Svat73: calls $0.20
*** SHOW DOWN ***
cronnan: shows [Ks 7s] (a pair of Kings)
Svat73: shows [Qc As] (a pair of Aces)
Svat73 collected $0.87 from pot
*** SUMMARY ***
Total pot $0.90 | Rake $0.03 
Board [Ac 8d Ts 4h Kh]
Seat 1: pachazinho folded before Flop (didn't bet)
Seat 2: freebeg folded before Flop (didn't bet)
Seat 3: nelectrik folded before Flop (didn't bet)
Seat 4: Svat73 (button) showed [Qc As] and won ($0.87) with a pair of Aces
Seat 5: cronnan (small blind) showed [Ks 7s] and lost with a pair of Kings
Seat 6: Dorex2007 (big blind) folded before Flop
Seat 8: nicaDAWG69 folded on the Flop
Seat 9: Asparrowhawk folded on the Flop



PokerStars Hand #232946040080:  Hold'em No Limit ($0.01/$0.02 USD) - 2022/01/08 12:47:49 PT [2022/01/08 15:47:49 ET]
Table 'Bengt V' 9-max Seat #5 is the button
Seat 1: pachazinho ($1.35 in chips) 
Seat 2: freebeg ($1.05 in chips) 
Seat 3: nelectrik ($3.49 in chips) 
Seat 4: Svat73 ($2.08 in chips) 
Seat 5: cronnan ($1.60 in chips) 
Seat 6: Dorex2007 ($2 in chips) 
Seat 9: Asparrowhawk ($1.84 in chips) 
Dorex2007: posts small blind $0.01
nicaDAWG69 has timed out while disconnected
nicaDAWG69: is sitting out 
Asparrowhawk: posts big blind $0.02
*** HOLE CARDS ***
Dealt to Dorex2007 [7c 9d]
pachazinho: raises $0.04 to $0.06
freebeg: folds 
nelectrik: folds 
Svat73: folds 
cronnan: folds 
Dorex2007: folds 
Asparrowhawk: folds 
Uncalled bet ($0.04) returned to pachazinho
pachazinho collected $0.05 from pot
*** SUMMARY ***
Total pot $0.05 | Rake $0 
Seat 1: pachazinho collected ($0.05)
Seat 2: freebeg folded before Flop (didn't bet)
Seat 3: nelectrik folded before Flop (didn't bet)
Seat 4: Svat73 folded before Flop (didn't bet)
Seat 5: cronnan (button) folded before Flop (didn't bet)
Seat 6: Dorex2007 (small blind) folded before Flop
Seat 9: Asparrowhawk (big blind) folded before Flop



PokerStars Hand #232946061143:  Hold'em No Limit ($0.01/$0.02 USD) - 2022/01/08 12:48:21 PT [2022/01/08 15:48:21 ET]
Table 'Bengt V' 9-max Seat #6 is the button
Seat 1: pachazinho ($1.38 in chips) 
Seat 2: freebeg ($1.05 in chips) 
Seat 3: nelectrik ($3.49 in chips) 
Seat 4: Svat73 ($2.08 in chips) 
Seat 5: cronnan ($2 in chips) 
Seat 6: Dorex2007 ($2 in chips) 
Seat 9: Asparrowhawk ($1.82 in chips) 
Asparrowhawk: posts small blind $0.01
pachazinho: posts big blind $0.02
*** HOLE CARDS ***
Dealt to Dorex2007 [Kc 6h]
freebeg: folds 
nelectrik: folds 
Svat73: calls $0.02
cronnan: calls $0.02
Dorex2007: folds 
Asparrowhawk: calls $0.01
pachazinho: raises $0.04 to $0.06
Svat73: folds 
cronnan: calls $0.04
Asparrowhawk: calls $0.04
*** FLOP *** [2d 9s Ts]
Asparrowhawk has timed out
Asparrowhawk: checks 
pachazinho: checks 
cronnan: checks 
*** TURN *** [2d 9s Ts] [Jh]
Asparrowhawk: bets $0.02
pachazinho: folds 
cronnan: calls $0.02
*** RIVER *** [2d 9s Ts Jh] [5s]
Asparrowhawk: bets $0.12
cronnan: calls $0.12
*** SHOW DOWN ***
Asparrowhawk: shows [8s 7d] (a straight, Seven to Jack)
cronnan: mucks hand 
Asparrowhawk collected $0.46 from pot
*** SUMMARY ***
Total pot $0.48 | Rake $0.02 
Board [2d 9s Ts Jh 5s]
Seat 1: pachazinho (big blind) folded on the Turn
Seat 2: freebeg folded before Flop (didn't bet)
Seat 3: nelectrik folded before Flop (didn't bet)
Seat 4: Svat73 folded before Flop
Seat 5: cronnan mucked [Td 8d]
Seat 6: Dorex2007 (button) folded before Flop (didn't bet)
Seat 9: Asparrowhawk (small blind) showed [8s 7d] and won ($0.46) with a straight, Seven to Jack



PokerStars Hand #232946134055:  Hold'em No Limit ($0.01/$0.02 USD) - 2022/01/08 12:50:10 PT [2022/01/08 15:50:10 ET]
Table 'Bengt V' 9-max Seat #9 is the button
Seat 1: pachazinho ($1.32 in chips) 
Seat 2: freebeg ($1.05 in chips) 
Seat 3: nelectrik ($3.49 in chips) 
Seat 4: Svat73 ($2.06 in chips) 
Seat 5: cronnan ($1.80 in chips) 
Seat 6: Dorex2007 ($2 in chips) 
Seat 9: Asparrowhawk ($2.08 in chips) 
pachazinho: posts small blind $0.01
freebeg: posts big blind $0.02
*** HOLE CARDS ***
Dealt to Dorex2007 [Qh Js]
nelectrik: raises $0.04 to $0.06
Svat73: folds 
cronnan: folds 
Dorex2007: folds 
Asparrowhawk: folds 
pachazinho: calls $0.05
freebeg: folds 
*** FLOP *** [4c 7s 6d]
pachazinho: checks 
nelectrik: checks 
*** TURN *** [4c 7s 6d] [3h]
pachazinho: checks 
nelectrik: checks 
*** RIVER *** [4c 7s 6d 3h] [5c]
pachazinho: checks 
nelectrik: checks 
*** SHOW DOWN ***
pachazinho: shows [Ks Th] (a straight, Three to Seven)
nelectrik: shows [Ad Kh] (a straight, Three to Seven)
pachazinho collected $0.07 from pot
nelectrik collected $0.07 from pot
*** SUMMARY ***
Total pot $0.14 | Rake $0 
Board [4c 7s 6d 3h 5c]
Seat 1: pachazinho (small blind) showed [Ks Th] and won ($0.07) with a straight, Three to Seven
Seat 2: freebeg (big blind) folded before Flop
Seat 3: nelectrik showed [Ad Kh] and won ($0.07) with a straight, Three to Seven
Seat 4: Svat73 folded before Flop (didn't bet)
Seat 5: cronnan folded before Flop (didn't bet)
Seat 6: Dorex2007 folded before Flop (didn't bet)
Seat 9: Asparrowhawk (button) folded before Flop (didn't bet)



PokerStars Hand #232946163767:  Hold'em No Limit ($0.01/$0.02 USD) - 2022/01/08 12:50:54 PT [2022/01/08 15:50:54 ET]
Table 'Bengt V' 9-max Seat #1 is the button
Seat 1: pachazinho ($1.33 in chips) 
Seat 2: freebeg ($1.03 in chips) 
Seat 3: nelectrik ($3.50 in chips) 
Seat 4: Svat73 ($2.06 in chips) 
Seat 5: cronnan ($2 in chips) 
Seat 6: Dorex2007 ($2 in chips) 
Seat 7: Artiom198 ($2 in chips) 
Seat 9: Asparrowhawk ($2.08 in chips) 
freebeg: posts small blind $0.01
nelectrik: posts big blind $0.02
Artiom198: posts small & big blinds $0.03
*** HOLE CARDS ***
Dealt to Dorex2007 [2h 8d]
Svat73: folds 
cronnan: folds 
Dorex2007: folds 
Artiom198: checks 
Asparrowhawk: folds 
pachazinho: calls $0.02
freebeg: folds 
nelectrik: raises $0.04 to $0.06
Artiom198: folds 
pachazinho: calls $0.04
*** FLOP *** [7c 8c 6d]
nelectrik: checks 
pachazinho: checks 
*** TURN *** [7c 8c 6d] [5c]
nelectrik: checks 
pachazinho: checks 
*** RIVER *** [7c 8c 6d 5c] [9d]
nelectrik: checks 
pachazinho: bets $0.15
nelectrik: calls $0.15
*** SHOW DOWN ***
pachazinho: shows [Ks 3h] (a straight, Five to Nine)
nelectrik: shows [Js Kc] (a straight, Five to Nine)
nelectrik collected $0.22 from pot
pachazinho collected $0.22 from pot
*** SUMMARY ***
Total pot $0.46 | Rake $0.02 
Board [7c 8c 6d 5c 9d]
Seat 1: pachazinho (button) showed [Ks 3h] and won ($0.22) with a straight, Five to Nine
Seat 2: freebeg (small blind) folded before Flop
Seat 3: nelectrik (big blind) showed [Js Kc] and won ($0.22) with a straight, Five to Nine
Seat 4: Svat73 folded before Flop (didn't bet)
Seat 5: cronnan folded before Flop (didn't bet)
Seat 6: Dorex2007 folded before Flop (didn't bet)
Seat 7: Artiom198 folded before Flop (didn't bet)
Seat 9: Asparrowhawk folded before Flop (didn't bet)



PokerStars Hand #232946214827:  Hold'em No Limit ($0.01/$0.02 USD) - 2022/01/08 12:52:11 PT [2022/01/08 15:52:11 ET]
Table 'Bengt V' 9-max Seat #2 is the button
Seat 1: pachazinho ($1.34 in chips) 
Seat 2: freebeg ($1.02 in chips) 
Seat 3: nelectrik ($3.51 in chips) 
Seat 4: Svat73 ($2.06 in chips) 
Seat 5: cronnan ($2 in chips) 
Seat 6: Dorex2007 ($2 in chips) 
Seat 7: Artiom198 ($2 in chips) 
Seat 9: Asparrowhawk ($2.08 in chips) 
nelectrik: posts small blind $0.01
Svat73: posts big blind $0.02
*** HOLE CARDS ***
Dealt to Dorex2007 [4c 6h]
cronnan: folds 
Dorex2007: folds 
Artiom198: folds 
Asparrowhawk: folds 
pachazinho: folds 
freebeg: folds 
nelectrik: folds 
Uncalled bet ($0.01) returned to Svat73
Svat73 collected $0.02 from pot
*** SUMMARY ***
Total pot $0.02 | Rake $0 
Seat 1: pachazinho folded before Flop (didn't bet)
Seat 2: freebeg (button) folded before Flop (didn't bet)
Seat 3: nelectrik (small blind) folded before Flop
Seat 4: Svat73 (big blind) collected ($0.02)
Seat 5: cronnan folded before Flop (didn't bet)
Seat 6: Dorex2007 folded before Flop (didn't bet)
Seat 7: Artiom198 folded before Flop (didn't bet)
Seat 9: Asparrowhawk folded before Flop (didn't bet)



PokerStars Hand #232946227286:  Hold'em No Limit ($0.01/$0.02 USD) - 2022/01/08 12:52:30 PT [2022/01/08 15:52:30 ET]
Table 'Bengt V' 9-max Seat #3 is the button
Seat 1: pachazinho ($1.34 in chips) 
Seat 2: freebeg ($1.02 in chips) 
Seat 3: nelectrik ($3.50 in chips) 
Seat 4: Svat73 ($2.07 in chips) 
Seat 5: cronnan ($2 in chips) 
Seat 6: Dorex2007 ($2 in chips) 
Seat 7: Artiom198 ($2 in chips) 
Seat 9: Asparrowhawk ($2.08 in chips) 
Svat73: posts small blind $0.01
cronnan: posts big blind $0.02
*** HOLE CARDS ***
Dealt to Dorex2007 [Jd 8h]
Dorex2007: folds 
Artiom198: folds 
Asparrowhawk: folds 
pachazinho: folds 
freebeg: folds 
nelectrik: folds 
Svat73: calls $0.01
cronnan: checks 
*** FLOP *** [9c 3c 7s]
Svat73: bets $0.02
cronnan: calls $0.02
*** TURN *** [9c 3c 7s] [6c]
Svat73: bets $0.02
cronnan: calls $0.02
*** RIVER *** [9c 3c 7s 6c] [2d]
Svat73: checks 
cronnan: checks 
*** SHOW DOWN ***
Svat73: shows [As Kc] (high card Ace)
cronnan: shows [5d 3d] (a pair of Threes)
cronnan collected $0.12 from pot
*** SUMMARY ***
Total pot $0.12 | Rake $0 
Board [9c 3c 7s 6c 2d]
Seat 1: pachazinho folded before Flop (didn't bet)
Seat 2: freebeg folded before Flop (didn't bet)
Seat 3: nelectrik (button) folded before Flop (didn't bet)
Seat 4: Svat73 (small blind) showed [As Kc] and lost with high card Ace
Seat 5: cronnan (big blind) showed [5d 3d] and won ($0.12) with a pair of Threes
Seat 6: Dorex2007 folded before Flop (didn't bet)
Seat 7: Artiom198 folded before Flop (didn't bet)
Seat 9: Asparrowhawk folded before Flop (didn't bet)



PokerStars Hand #232946281814:  Hold'em No Limit ($0.01/$0.02 USD) - 2022/01/08 12:53:53 PT [2022/01/08 15:53:53 ET]
Table 'Bengt V' 9-max Seat #4 is the button
Seat 1: pachazinho ($1.34 in chips) 
Seat 2: freebeg ($1.02 in chips) 
Seat 3: nelectrik ($3.50 in chips) 
Seat 4: Svat73 ($2.01 in chips) 
Seat 5: cronnan ($2.06 in chips) 
Seat 6: Dorex2007 ($2 in chips) 
Seat 7: Artiom198 ($2 in chips) 
Seat 9: Asparrowhawk ($2.08 in chips) 
cronnan: posts small blind $0.01
Dorex2007: posts big blind $0.02
*** HOLE CARDS ***
Dealt to Dorex2007 [2h 4d]
Artiom198: folds 
Asparrowhawk: calls $0.02
pachazinho: folds 
freebeg: folds 
nelectrik: folds 
Svat73: folds 
cronnan: raises $0.06 to $0.08
Dorex2007: folds 
Asparrowhawk: folds 
Uncalled bet ($0.06) returned to cronnan
cronnan collected $0.06 from pot
cronnan: doesn't show hand 
*** SUMMARY ***
Total pot $0.06 | Rake $0 
Seat 1: pachazinho folded before Flop (didn't bet)
Seat 2: freebeg folded before Flop (didn't bet)
Seat 3: nelectrik folded before Flop (didn't bet)
Seat 4: Svat73 (button) folded before Flop (didn't bet)
Seat 5: cronnan (small blind) collected ($0.06)
Seat 6: Dorex2007 (big blind) folded before Flop
Seat 7: Artiom198 folded before Flop (didn't bet)
Seat 9: Asparrowhawk folded before Flop



PokerStars Hand #232946297211:  Hold'em No Limit ($0.01/$0.02 USD) - 2022/01/08 12:54:16 PT [2022/01/08 15:54:16 ET]
Table 'Bengt V' 9-max Seat #5 is the button
Seat 1: pachazinho ($1.34 in chips) 
Seat 2: freebeg ($1.02 in chips) 
Seat 3: nelectrik ($3.50 in chips) 
Seat 5: cronnan ($2.10 in chips) 
Seat 6: Dorex2007 ($2 in chips) 
Seat 7: Artiom198 ($2 in chips) 
Seat 9: Asparrowhawk ($2.06 in chips) 
Dorex2007: posts small blind $0.01
Artiom198: posts big blind $0.02
*** HOLE CARDS ***
Dealt to Dorex2007 [Kh 5c]
Asparrowhawk: calls $0.02
pachazinho has timed out
pachazinho: folds 
freebeg: folds 
nelectrik: folds 
cronnan: folds 
Dorex2007: folds 
Artiom198: checks 
*** FLOP *** [4c 6d 8c]
Artiom198: bets $0.02
Asparrowhawk: folds 
Uncalled bet ($0.02) returned to Artiom198
Artiom198 collected $0.05 from pot
Artiom198: doesn't show hand 
*** SUMMARY ***
Total pot $0.05 | Rake $0 
Board [4c 6d 8c]
Seat 1: pachazinho folded before Flop (didn't bet)
Seat 2: freebeg folded before Flop (didn't bet)
Seat 3: nelectrik folded before Flop (didn't bet)
Seat 5: cronnan (button) folded before Flop (didn't bet)
Seat 6: Dorex2007 (small blind) folded before Flop
Seat 7: Artiom198 (big blind) collected ($0.05)
Seat 9: Asparrowhawk folded on the Flop



PokerStars Hand #232946332042:  Hold'em No Limit ($0.01/$0.02 USD) - 2022/01/08 12:54:54 PT [2022/01/08 15:54:54 ET]
Table 'Bengt V' 9-max Seat #6 is the button
Seat 1: pachazinho ($1.34 in chips) 
Seat 2: freebeg ($1.02 in chips) 
Seat 3: nelectrik ($3.50 in chips) 
Seat 5: cronnan ($2.10 in chips) 
Seat 6: Dorex2007 ($2 in chips) 
Seat 7: Artiom198 ($2.03 in chips) 
Seat 9: Asparrowhawk ($2.04 in chips) 
Artiom198: posts small blind $0.01
Asparrowhawk: posts big blind $0.02
*** HOLE CARDS ***
Dealt to Dorex2007 [Ts 6s]
pachazinho: folds 
freebeg: folds 
nelectrik: folds 
cronnan: raises $0.05 to $0.07
Dorex2007: folds 
Artiom198: folds 
Asparrowhawk: folds 
Uncalled bet ($0.05) returned to cronnan
cronnan collected $0.05 from pot
cronnan: doesn't show hand 
*** SUMMARY ***
Total pot $0.05 | Rake $0 
Seat 1: pachazinho folded before Flop (didn't bet)
Seat 2: freebeg folded before Flop (didn't bet)
Seat 3: nelectrik folded before Flop (didn't bet)
Seat 5: cronnan collected ($0.05)
Seat 6: Dorex2007 (button) folded before Flop (didn't bet)
Seat 7: Artiom198 (small blind) folded before Flop
Seat 9: Asparrowhawk (big blind) folded before Flop



PokerStars Hand #232946342340:  Hold'em No Limit ($0.01/$0.02 USD) - 2022/01/08 12:55:12 PT [2022/01/08 15:55:12 ET]
Table 'Bengt V' 9-max Seat #7 is the button
Seat 1: pachazinho ($1.34 in chips) 
Seat 2: freebeg ($1.02 in chips) 
Seat 3: nelectrik ($3.50 in chips) 
Seat 5: cronnan ($2.13 in chips) 
Seat 6: Dorex2007 ($2 in chips) 
Seat 7: Artiom198 ($2.02 in chips) 
Seat 9: Asparrowhawk ($2.02 in chips) 
Asparrowhawk: posts small blind $0.01
pachazinho: posts big blind $0.02
*** HOLE CARDS ***
Dealt to Dorex2007 [6h 4h]
freebeg: calls $0.02
nelectrik: folds 
cronnan: folds 
Dorex2007: folds 
Artiom198: folds 
Asparrowhawk: calls $0.01
pachazinho: checks 
*** FLOP *** [Qd 4c Ad]
Asparrowhawk: bets $0.02
pachazinho: calls $0.02
freebeg: calls $0.02
*** TURN *** [Qd 4c Ad] [Qh]
Asparrowhawk: bets $0.02
pachazinho: folds 
freebeg: raises $0.06 to $0.08
Asparrowhawk: calls $0.06
*** RIVER *** [Qd 4c Ad Qh] [5s]
Asparrowhawk: checks 
freebeg: bets $0.14
Asparrowhawk: folds 
Uncalled bet ($0.14) returned to freebeg
freebeg collected $0.27 from pot
freebeg: doesn't show hand 
*** SUMMARY ***
Total pot $0.28 | Rake $0.01 
Board [Qd 4c Ad Qh 5s]
Seat 1: pachazinho (big blind) folded on the Turn
Seat 2: freebeg collected ($0.27)
Seat 3: nelectrik folded before Flop (didn't bet)
Seat 5: cronnan folded before Flop (didn't bet)
Seat 6: Dorex2007 folded before Flop (didn't bet)
Seat 7: Artiom198 (button) folded before Flop (didn't bet)
Seat 9: Asparrowhawk (small blind) folded on the River



PokerStars Hand #232946370197:  Hold'em No Limit ($0.01/$0.02 USD) - 2022/01/08 12:56:17 PT [2022/01/08 15:56:17 ET]
Table 'Bengt V' 9-max Seat #9 is the button
Seat 1: pachazinho ($1.30 in chips) 
Seat 2: freebeg ($1.17 in chips) 
Seat 3: nelectrik ($3.50 in chips) 
Seat 5: cronnan ($2.13 in chips) 
Seat 6: Dorex2007 ($2 in chips) 
Seat 7: Artiom198 ($2.02 in chips) 
Seat 9: Asparrowhawk ($1.90 in chips) 
pachazinho: posts small blind $0.01
freebeg: posts big blind $0.02
*** HOLE CARDS ***
Dealt to Dorex2007 [3h 5c]
nelectrik: folds 
nelectrik leaves the table
cronnan: folds 
Dorex2007: folds 
Mister X2012 joins the table at seat #3 
Artiom198: calls $0.02
Asparrowhawk: calls $0.02
pachazinho: calls $0.01
freebeg: checks 
*** FLOP *** [9d Qh As]
pachazinho: checks 
freebeg: bets $0.02
Artiom198: folds 
Asparrowhawk: calls $0.02
pachazinho: folds 
*** TURN *** [9d Qh As] [Th]
freebeg: checks 
Asparrowhawk: checks 
*** RIVER *** [9d Qh As Th] [4d]
freebeg: checks 
Asparrowhawk: checks 
*** SHOW DOWN ***
freebeg: shows [2s Ah] (a pair of Aces)
Asparrowhawk: mucks hand 
freebeg collected $0.12 from pot
*** SUMMARY ***
Total pot $0.12 | Rake $0 
Board [9d Qh As Th 4d]
Seat 1: pachazinho (small blind) folded on the Flop
Seat 2: freebeg (big blind) showed [2s Ah] and won ($0.12) with a pair of Aces
Seat 3: nelectrik folded before Flop (didn't bet)
Seat 5: cronnan folded before Flop (didn't bet)
Seat 6: Dorex2007 folded before Flop (didn't bet)
Seat 7: Artiom198 folded on the Flop
Seat 9: Asparrowhawk (button) mucked [7s Qs]



PokerStars Hand #232946393040:  Hold'em No Limit ($0.01/$0.02 USD) - 2022/01/08 12:57:10 PT [2022/01/08 15:57:10 ET]
Table 'Bengt V' 9-max Seat #1 is the button
Seat 1: pachazinho ($1.28 in chips) 
Seat 2: freebeg ($1.25 in chips) 
Seat 3: Mister X2012 ($0.80 in chips) 
Seat 4: Svat73 ($2.01 in chips) 
Seat 6: Dorex2007 ($2 in chips) 
Seat 7: Artiom198 ($2 in chips) 
Seat 9: Asparrowhawk ($1.86 in chips) 
freebeg: posts small blind $0.01
Mister X2012: posts big blind $0.02
*** HOLE CARDS ***
Dealt to Dorex2007 [5s 7s]
Svat73: folds 
Dorex2007: folds 
Artiom198: folds 
Asparrowhawk: calls $0.02
pachazinho: folds 
freebeg: calls $0.01
nicaDAWG69 leaves the table
Mister X2012: checks 
*** FLOP *** [9h As 8c]
freebeg: checks 
Mister X2012: checks 
Boomgah joins the table at seat #8 
Asparrowhawk: bets $0.03
freebeg: folds 
Mister X2012: folds 
Uncalled bet ($0.03) returned to Asparrowhawk
Asparrowhawk collected $0.06 from pot
*** SUMMARY ***
Total pot $0.06 | Rake $0 
Board [9h As 8c]
Seat 1: pachazinho (button) folded before Flop (didn't bet)
Seat 2: freebeg (small blind) folded on the Flop
Seat 3: Mister X2012 (big blind) folded on the Flop
Seat 4: Svat73 folded before Flop (didn't bet)
Seat 6: Dorex2007 folded before Flop (didn't bet)
Seat 7: Artiom198 folded before Flop (didn't bet)
Seat 9: Asparrowhawk collected ($0.06)



PokerStars Hand #232946405722:  Hold'em No Limit ($0.01/$0.02 USD) - 2022/01/08 12:57:39 PT [2022/01/08 15:57:39 ET]
Table 'Bengt V' 9-max Seat #2 is the button
Seat 1: pachazinho ($1.28 in chips) 
Seat 2: freebeg ($1.23 in chips) 
Seat 3: Mister X2012 ($0.78 in chips) 
Seat 4: Svat73 ($2.01 in chips) 
Seat 6: Dorex2007 ($2 in chips) 
Seat 7: Artiom198 ($2 in chips) 
Seat 9: Asparrowhawk ($1.90 in chips) 
Mister X2012: posts small blind $0.01
Svat73: posts big blind $0.02
Boomgah: sits out 
*** HOLE CARDS ***
Dealt to Dorex2007 [Jc 7d]
Dorex2007: folds 
Artiom198: calls $0.02
Asparrowhawk: calls $0.02
pachazinho: calls $0.02
freebeg: folds 
Mister X2012: folds 
Svat73: checks 
*** FLOP *** [Ac 9d 6s]
Svat73: checks 
Artiom198: checks 
Asparrowhawk: checks 
pachazinho: bets $0.09
Svat73: folds 
Artiom198: folds 
Asparrowhawk: folds 
Uncalled bet ($0.09) returned to pachazinho
pachazinho collected $0.09 from pot
*** SUMMARY ***
Total pot $0.09 | Rake $0 
Board [Ac 9d 6s]
Seat 1: pachazinho collected ($0.09)
Seat 2: freebeg (button) folded before Flop (didn't bet)
Seat 3: Mister X2012 (small blind) folded before Flop
Seat 4: Svat73 (big blind) folded on the Flop
Seat 6: Dorex2007 folded before Flop (didn't bet)
Seat 7: Artiom198 folded on the Flop
Seat 9: Asparrowhawk folded on the Flop



PokerStars Hand #232946429454:  Hold'em No Limit ($0.01/$0.02 USD) - 2022/01/08 12:58:33 PT [2022/01/08 15:58:33 ET]
Table 'Bengt V' 9-max Seat #3 is the button
Seat 1: pachazinho ($1.35 in chips) 
Seat 2: freebeg ($1.23 in chips) 
Seat 3: Mister X2012 ($0.77 in chips) 
Seat 4: Svat73 ($1.99 in chips) 
Seat 6: Dorex2007 ($2 in chips) 
Seat 7: Artiom198 ($2 in chips) 
Seat 9: Asparrowhawk ($1.88 in chips) 
Svat73: posts small blind $0.01
Dorex2007: posts big blind $0.02
Boomgah: sits out 
*** HOLE CARDS ***
Dealt to Dorex2007 [Kd Qc]
Artiom198: calls $0.02
Asparrowhawk: calls $0.02
pachazinho: folds 
freebeg: folds 
Mister X2012: folds 
Svat73: folds 
Dorex2007: checks 
*** FLOP *** [4h Qh 9c]
Dorex2007: bets $0.07
Artiom198: folds 
Asparrowhawk: folds 
Uncalled bet ($0.07) returned to Dorex2007
Dorex2007 collected $0.07 from pot
Dorex2007: doesn't show hand 
*** SUMMARY ***
Total pot $0.07 | Rake $0 
Board [4h Qh 9c]
Seat 1: pachazinho folded before Flop (didn't bet)
Seat 2: freebeg folded before Flop (didn't bet)
Seat 3: Mister X2012 (button) folded before Flop (didn't bet)
Seat 4: Svat73 (small blind) folded before Flop
Seat 6: Dorex2007 (big blind) collected ($0.07)
Seat 7: Artiom198 folded on the Flop
Seat 9: Asparrowhawk folded on the Flop



PokerStars Hand #232946449523:  Hold'em No Limit ($0.01/$0.02 USD) - 2022/01/08 12:59:19 PT [2022/01/08 15:59:19 ET]
Table 'Bengt V' 9-max Seat #4 is the button
Seat 1: pachazinho ($1.35 in chips) 
Seat 2: freebeg ($1.23 in chips) 
Seat 3: Mister X2012 ($0.77 in chips) 
Seat 4: Svat73 ($1.98 in chips) 
Seat 6: Dorex2007 ($2.05 in chips) 
Seat 7: Artiom198 ($2 in chips) 
Seat 9: Asparrowhawk ($1.86 in chips) 
Dorex2007: posts small blind $0.01
Artiom198: posts big blind $0.02
Boomgah: sits out 
*** HOLE CARDS ***
Dealt to Dorex2007 [2h 3h]
Asparrowhawk: calls $0.02
pachazinho has timed out
pachazinho: folds 
freebeg: folds 
Mister X2012: folds 
Svat73: folds 
Dorex2007: folds 
Artiom198: checks 
*** FLOP *** [6d Js Kh]
Artiom198: checks 
Asparrowhawk: bets $0.02
Artiom198: calls $0.02
*** TURN *** [6d Js Kh] [Ks]
Artiom198: checks 
Asparrowhawk: bets $0.09
Artiom198: folds 
Uncalled bet ($0.09) returned to Asparrowhawk
Asparrowhawk collected $0.09 from pot
*** SUMMARY ***
Total pot $0.09 | Rake $0 
Board [6d Js Kh Ks]
Seat 1: pachazinho folded before Flop (didn't bet)
Seat 2: freebeg folded before Flop (didn't bet)
Seat 3: Mister X2012 folded before Flop (didn't bet)
Seat 4: Svat73 (button) folded before Flop (didn't bet)
Seat 6: Dorex2007 (small blind) folded before Flop
Seat 7: Artiom198 (big blind) folded on the Turn
Seat 9: Asparrowhawk collected ($0.09)



PokerStars Hand #232946472111:  Hold'em No Limit ($0.01/$0.02 USD) - 2022/01/08 13:00:10 PT [2022/01/08 16:00:10 ET]
Table 'Bengt V' 9-max Seat #6 is the button
Seat 1: pachazinho ($1.35 in chips) 
Seat 2: freebeg ($1.23 in chips) 
Seat 3: Mister X2012 ($0.77 in chips) 
Seat 4: Svat73 ($1.98 in chips) 
Seat 6: Dorex2007 ($2.04 in chips) 
Seat 7: Artiom198 ($2 in chips) 
Seat 8: Boomgah ($2 in chips) 
Seat 9: Asparrowhawk ($1.91 in chips) 
Artiom198: posts small blind $0.01
Boomgah: posts big blind $0.02
*** HOLE CARDS ***
Dealt to Dorex2007 [7c 9h]
Asparrowhawk: calls $0.02
pachazinho: calls $0.02
freebeg: folds 
Mister X2012: raises $0.06 to $0.08
Svat73: folds 
cronnan is disconnected 
Dorex2007: folds 
Artiom198: folds 
Boomgah: folds 
Asparrowhawk: calls $0.06
pachazinho: raises $0.27 to $0.35
Mister X2012: calls $0.27
Asparrowhawk: folds 
*** FLOP *** [2h 6c 2d]
pachazinho: bets $0.78
Mister X2012: calls $0.42 and is all-in
Uncalled bet ($0.36) returned to pachazinho
*** TURN *** [2h 6c 2d] [8s]
*** RIVER *** [2h 6c 2d 8s] [Js]
*** SHOW DOWN ***
pachazinho: shows [Kh Kc] (two pair, Kings and Deuces)
Mister X2012: shows [Ah Th] (a pair of Deuces)
pachazinho cashed out the hand for $1.32 | Cash Out Fee $0.01
*** SUMMARY ***
Total pot $1.65 | Rake $0.06 
Board [2h 6c 2d 8s Js]
Seat 1: pachazinho showed [Kh Kc] and won ($1.59) with two pair, Kings and Deuces (pot not awarded as player cashed out)
Seat 2: freebeg folded before Flop (didn't bet)
Seat 3: Mister X2012 showed [Ah Th] and lost with a pair of Deuces
Seat 4: Svat73 folded before Flop (didn't bet)
Seat 6: Dorex2007 (button) folded before Flop (didn't bet)
Seat 7: Artiom198 (small blind) folded before Flop
Seat 8: Boomgah (big blind) folded before Flop
Seat 9: Asparrowhawk folded before Flop



PokerStars Hand #232946510566:  Hold'em No Limit ($0.01/$0.02 USD) - 2022/01/08 13:01:26 PT [2022/01/08 16:01:26 ET]
Table 'Bengt V' 9-max Seat #7 is the button
Seat 1: pachazinho ($1.90 in chips) 
Seat 2: freebeg ($1.23 in chips) 
Seat 4: Svat73 ($1.98 in chips) 
Seat 6: Dorex2007 ($2.04 in chips) 
Seat 7: Artiom198 ($2 in chips) 
Seat 8: Boomgah ($2 in chips) 
Seat 9: Asparrowhawk ($1.83 in chips) 
Boomgah: posts small blind $0.01
Asparrowhawk: posts big blind $0.02
*** HOLE CARDS ***
Dealt to Dorex2007 [5h Kh]
pachazinho: folds 
freebeg: folds 
Svat73: folds 
Dorex2007: folds 
Artiom198: folds 
Boomgah: raises $0.04 to $0.06
Asparrowhawk: folds 
Uncalled bet ($0.04) returned to Boomgah
Boomgah collected $0.04 from pot
*** SUMMARY ***
Total pot $0.04 | Rake $0 
Seat 1: pachazinho folded before Flop (didn't bet)
Seat 2: freebeg folded before Flop (didn't bet)
Seat 4: Svat73 folded before Flop (didn't bet)
Seat 6: Dorex2007 folded before Flop (didn't bet)
Seat 7: Artiom198 (button) folded before Flop (didn't bet)
Seat 8: Boomgah (small blind) collected ($0.04)
Seat 9: Asparrowhawk (big blind) folded before Flop



PokerStars Hand #232946522314:  Hold'em No Limit ($0.01/$0.02 USD) - 2022/01/08 13:01:47 PT [2022/01/08 16:01:47 ET]
Table 'Bengt V' 9-max Seat #8 is the button
Seat 1: pachazinho ($1.90 in chips) 
Seat 2: freebeg ($1.23 in chips) 
Seat 3: Mister X2012 ($0.80 in chips) 
Seat 4: Svat73 ($1.98 in chips) 
Seat 6: Dorex2007 ($2.04 in chips) 
Seat 7: Artiom198 ($2 in chips) 
Seat 8: Boomgah ($2.02 in chips) 
Seat 9: Asparrowhawk ($1.81 in chips) 
Asparrowhawk: posts small blind $0.01
pachazinho: posts big blind $0.02
*** HOLE CARDS ***
Dealt to Dorex2007 [9c 6s]
Mister X2012 said, "pidrila ebani"
freebeg: folds 
Mister X2012: folds 
Svat73: folds 
Dorex2007: folds 
Artiom198 has timed out
Artiom198: folds 
Boomgah: folds 
Asparrowhawk: calls $0.01
pachazinho: checks 
*** FLOP *** [8s Qc 5c]
Asparrowhawk: bets $0.02
pachazinho: folds 
Uncalled bet ($0.02) returned to Asparrowhawk
Asparrowhawk collected $0.04 from pot
*** SUMMARY ***
Total pot $0.04 | Rake $0 
Board [8s Qc 5c]
Seat 1: pachazinho (big blind) folded on the Flop
Seat 2: freebeg folded before Flop (didn't bet)
Seat 3: Mister X2012 folded before Flop (didn't bet)
Seat 4: Svat73 folded before Flop (didn't bet)
Seat 6: Dorex2007 folded before Flop (didn't bet)
Seat 7: Artiom198 folded before Flop (didn't bet)
Seat 8: Boomgah (button) folded before Flop (didn't bet)
Seat 9: Asparrowhawk (small blind) collected ($0.04)



PokerStars Hand #232946549891:  Hold'em No Limit ($0.01/$0.02 USD) - 2022/01/08 13:02:29 PT [2022/01/08 16:02:29 ET]
Table 'Bengt V' 9-max Seat #9 is the button
Seat 1: pachazinho ($1.88 in chips) 
Seat 2: freebeg ($1.23 in chips) 
Seat 3: Mister X2012 ($0.80 in chips) 
Seat 4: Svat73 ($1.98 in chips) 
Seat 6: Dorex2007 ($2.04 in chips) 
Seat 7: Artiom198 ($2 in chips) 
Seat 8: Boomgah ($2.02 in chips) 
Seat 9: Asparrowhawk ($1.83 in chips) 
pachazinho: posts small blind $0.01
freebeg: posts big blind $0.02
*** HOLE CARDS ***
Dealt to Dorex2007 [6h 2d]
Mister X2012: folds 
Svat73: calls $0.02
Dorex2007: folds 
Artiom198: calls $0.02
Boomgah: folds 
Asparrowhawk: folds 
pachazinho: calls $0.01
freebeg: checks 
*** FLOP *** [6d 7d 4s]
pachazinho: checks 
freebeg: checks 
Svat73: checks 
Artiom198: bets $0.06
pachazinho: folds 
freebeg: folds 
Svat73: folds 
Uncalled bet ($0.06) returned to Artiom198
Artiom198 collected $0.08 from pot
Artiom198: doesn't show hand 
*** SUMMARY ***
Total pot $0.08 | Rake $0 
Board [6d 7d 4s]
Seat 1: pachazinho (small blind) folded on the Flop
Seat 2: freebeg (big blind) folded on the Flop
Seat 3: Mister X2012 folded before Flop (didn't bet)
Seat 4: Svat73 folded on the Flop
Seat 6: Dorex2007 folded before Flop (didn't bet)
Seat 7: Artiom198 collected ($0.08)
Seat 8: Boomgah folded before Flop (didn't bet)
Seat 9: Asparrowhawk (button) folded before Flop (didn't bet)



PokerStars Hand #232946594611:  Hold'em No Limit ($0.01/$0.02 USD) - 2022/01/08 13:03:38 PT [2022/01/08 16:03:38 ET]
Table 'Bengt V' 9-max Seat #1 is the button
Seat 1: pachazinho ($1.86 in chips) 
Seat 2: freebeg ($1.21 in chips) 
Seat 3: Mister X2012 ($0.80 in chips) 
Seat 4: Svat73 ($1.96 in chips) 
Seat 5: cronnan ($2.13 in chips) 
Seat 6: Dorex2007 ($2.04 in chips) 
Seat 7: Artiom198 ($2.06 in chips) 
Seat 8: Boomgah ($2.02 in chips) 
Seat 9: Asparrowhawk ($1.83 in chips) 
freebeg: posts small blind $0.01
Mister X2012: posts big blind $0.02
cronnan: posts small & big blinds $0.03
*** HOLE CARDS ***
Dealt to Dorex2007 [6s 5s]
Svat73: folds 
cronnan: checks 
Dorex2007: folds 
Artiom198: folds 
Boomgah: raises $0.05 to $0.07
Asparrowhawk: folds 
pachazinho: folds 
freebeg: folds 
Mister X2012: folds 
cronnan: folds 
Uncalled bet ($0.05) returned to Boomgah
Boomgah collected $0.08 from pot
*** SUMMARY ***
Total pot $0.08 | Rake $0 
Seat 1: pachazinho (button) folded before Flop (didn't bet)
Seat 2: freebeg (small blind) folded before Flop
Seat 3: Mister X2012 (big blind) folded before Flop
Seat 4: Svat73 folded before Flop (didn't bet)
Seat 5: cronnan folded before Flop (didn't bet)
Seat 6: Dorex2007 folded before Flop (didn't bet)
Seat 7: Artiom198 folded before Flop (didn't bet)
Seat 8: Boomgah collected ($0.08)
Seat 9: Asparrowhawk folded before Flop (didn't bet)



PokerStars Hand #232946615473:  Hold'em No Limit ($0.01/$0.02 USD) - 2022/01/08 13:04:08 PT [2022/01/08 16:04:08 ET]
Table 'Bengt V' 9-max Seat #2 is the button
Seat 1: pachazinho ($1.86 in chips) 
Seat 2: freebeg ($1.20 in chips) 
Seat 3: Mister X2012 ($0.78 in chips) 
Seat 4: Svat73 ($1.96 in chips) 
Seat 5: cronnan ($2.10 in chips) 
Seat 6: Dorex2007 ($2.04 in chips) 
Seat 7: Artiom198 ($2.06 in chips) 
Seat 8: Boomgah ($2.08 in chips) 
Seat 9: Asparrowhawk ($1.83 in chips) 
Mister X2012: posts small blind $0.01
Svat73: posts big blind $0.02
*** HOLE CARDS ***
Dealt to Dorex2007 [7h 8c]
cronnan: raises $0.07 to $0.09
Dorex2007: folds 
Artiom198: folds 
Boomgah: folds 
Asparrowhawk: folds 
pachazinho: calls $0.09
freebeg: folds 
Mister X2012: calls $0.08
Svat73: raises $0.07 to $0.16
cronnan: calls $0.07
pachazinho: calls $0.07
Mister X2012: calls $0.07
*** FLOP *** [4h Jh 3h]
Mister X2012: checks 
Svat73: bets $0.31
cronnan: calls $0.31
pachazinho: folds 
Mister X2012: folds 
*** TURN *** [4h Jh 3h] [Js]
Svat73: bets $0.30
cronnan: calls $0.30
*** RIVER *** [4h Jh 3h Js] [5d]
Svat73: bets $0.20
cronnan: calls $0.20
*** SHOW DOWN ***
Svat73: shows [As Ah] (two pair, Aces and Jacks)
cronnan: mucks hand 
Svat73 collected $2.18 from pot
*** SUMMARY ***
Total pot $2.26 | Rake $0.08 
Board [4h Jh 3h Js 5d]
Seat 1: pachazinho folded on the Flop
Seat 2: freebeg (button) folded before Flop (didn't bet)
Seat 3: Mister X2012 (small blind) folded on the Flop
Seat 4: Svat73 (big blind) showed [As Ah] and won ($2.18) with two pair, Aces and Jacks
Seat 5: cronnan mucked [Th Ts]
Seat 6: Dorex2007 folded before Flop (didn't bet)
Seat 7: Artiom198 folded before Flop (didn't bet)
Seat 8: Boomgah folded before Flop (didn't bet)
Seat 9: Asparrowhawk folded before Flop (didn't bet)



PokerStars Hand #232946671636:  Hold'em No Limit ($0.01/$0.02 USD) - 2022/01/08 13:05:32 PT [2022/01/08 16:05:32 ET]
Table 'Bengt V' 9-max Seat #3 is the button
Seat 1: pachazinho ($1.70 in chips) 
Seat 2: freebeg ($1.20 in chips) 
Seat 3: Mister X2012 ($0.62 in chips) 
Seat 4: Svat73 ($3.17 in chips) 
Seat 5: cronnan ($1.13 in chips) 
Seat 6: Dorex2007 ($2.04 in chips) 
Seat 7: Artiom198 ($2.06 in chips) 
Seat 8: Boomgah ($2.08 in chips) 
Seat 9: Asparrowhawk ($1.83 in chips) 
Svat73: posts small blind $0.01
cronnan: posts big blind $0.02
*** HOLE CARDS ***
Dealt to Dorex2007 [Jc 8c]
Dorex2007: folds 
Artiom198: folds 
Boomgah: folds 
Asparrowhawk: folds 
pachazinho: folds 
freebeg: folds 
Mister X2012: folds 
Svat73: calls $0.01
cronnan: checks 
*** FLOP *** [7h Ts Ac]
Svat73: bets $0.02
cronnan: folds 
Uncalled bet ($0.02) returned to Svat73
Svat73 collected $0.04 from pot
*** SUMMARY ***
Total pot $0.04 | Rake $0 
Board [7h Ts Ac]
Seat 1: pachazinho folded before Flop (didn't bet)
Seat 2: freebeg folded before Flop (didn't bet)
Seat 3: Mister X2012 (button) folded before Flop (didn't bet)
Seat 4: Svat73 (small blind) collected ($0.04)
Seat 5: cronnan (big blind) folded on the Flop
Seat 6: Dorex2007 folded before Flop (didn't bet)
Seat 7: Artiom198 folded before Flop (didn't bet)
Seat 8: Boomgah folded before Flop (didn't bet)
Seat 9: Asparrowhawk folded before Flop (didn't bet)



PokerStars Hand #232946699856:  Hold'em No Limit ($0.01/$0.02 USD) - 2022/01/08 13:06:14 PT [2022/01/08 16:06:14 ET]
Table 'Bengt V' 9-max Seat #4 is the button
Seat 1: pachazinho ($1.70 in chips) 
Seat 2: freebeg ($1.20 in chips) 
Seat 3: Mister X2012 ($0.62 in chips) 
Seat 4: Svat73 ($3.19 in chips) 
Seat 5: cronnan ($1.98 in chips) 
Seat 6: Dorex2007 ($2.04 in chips) 
Seat 7: Artiom198 ($2.06 in chips) 
Seat 8: Boomgah ($2.08 in chips) 
Seat 9: Asparrowhawk ($1.83 in chips) 
cronnan: posts small blind $0.01
Dorex2007: posts big blind $0.02
*** HOLE CARDS ***
Dealt to Dorex2007 [As Ac]
Artiom198: calls $0.02
Boomgah: folds 
Asparrowhawk: folds 
pachazinho: folds 
freebeg: folds 
Mister X2012: calls $0.02
Svat73: folds 
cronnan: raises $0.04 to $0.06
Dorex2007: raises $0.06 to $0.12
Artiom198: calls $0.10
Mister X2012: folds 
cronnan: calls $0.06
*** FLOP *** [9c 4d 8h]
cronnan: checks 
Dorex2007: bets $0.25
Artiom198: calls $0.25
cronnan: folds 
*** TURN *** [9c 4d 8h] [Td]
Dorex2007: bets $1.67 and is all-in
Artiom198: folds 
Uncalled bet ($1.67) returned to Dorex2007
Dorex2007 collected $0.85 from pot
Dorex2007: doesn't show hand 
*** SUMMARY ***
Total pot $0.88 | Rake $0.03 
Board [9c 4d 8h Td]
Seat 1: pachazinho folded before Flop (didn't bet)
Seat 2: freebeg folded before Flop (didn't bet)
Seat 3: Mister X2012 folded before Flop
Seat 4: Svat73 (button) folded before Flop (didn't bet)
Seat 5: cronnan (small blind) folded on the Flop
Seat 6: Dorex2007 (big blind) collected ($0.85)
Seat 7: Artiom198 folded on the Turn
Seat 8: Boomgah folded before Flop (didn't bet)
Seat 9: Asparrowhawk folded before Flop (didn't bet)



PokerStars Hand #232946749579:  Hold'em No Limit ($0.01/$0.02 USD) - 2022/01/08 13:07:29 PT [2022/01/08 16:07:29 ET]
Table 'Bengt V' 9-max Seat #5 is the button
Seat 1: pachazinho ($1.70 in chips) 
Seat 2: freebeg ($1.20 in chips) 
Seat 3: Mister X2012 ($0.60 in chips) 
Seat 4: Svat73 ($3.19 in chips) 
Seat 5: cronnan ($1.86 in chips) 
Seat 6: Dorex2007 ($2.52 in chips) 
Seat 7: Artiom198 ($2 in chips) 
Seat 8: Boomgah ($2.08 in chips) 
Seat 9: Asparrowhawk ($1.83 in chips) 
Dorex2007: posts small blind $0.01
Artiom198: posts big blind $0.02
*** HOLE CARDS ***
Dealt to Dorex2007 [9c Ad]
Boomgah has timed out
Boomgah: folds 
Asparrowhawk: folds 
pachazinho: raises $0.04 to $0.06
freebeg: folds 
Mister X2012 has timed out
Mister X2012: folds 
Svat73: folds 
cronnan: folds 
Dorex2007: folds 
Artiom198: calls $0.04
*** FLOP *** [Qs Kd Kh]
Artiom198: checks 
pachazinho: checks 
*** TURN *** [Qs Kd Kh] [7h]
Artiom198: checks 
pachazinho: bets $0.13
Artiom198: folds 
Uncalled bet ($0.13) returned to pachazinho
pachazinho collected $0.13 from pot
*** SUMMARY ***
Total pot $0.13 | Rake $0 
Board [Qs Kd Kh 7h]
Seat 1: pachazinho collected ($0.13)
Seat 2: freebeg folded before Flop (didn't bet)
Seat 3: Mister X2012 folded before Flop (didn't bet)
Seat 4: Svat73 folded before Flop (didn't bet)
Seat 5: cronnan (button) folded before Flop (didn't bet)
Seat 6: Dorex2007 (small blind) folded before Flop
Seat 7: Artiom198 (big blind) folded on the Turn
Seat 8: Boomgah folded before Flop (didn't bet)
Seat 9: Asparrowhawk folded before Flop (didn't bet)



PokerStars Hand #232946790756:  Hold'em No Limit ($0.01/$0.02 USD) - 2022/01/08 13:08:26 PT [2022/01/08 16:08:26 ET]
Table 'Bengt V' 9-max Seat #6 is the button
Seat 1: pachazinho ($1.77 in chips) 
Seat 2: freebeg ($1.20 in chips) 
Seat 4: Svat73 ($3.19 in chips) 
Seat 5: cronnan ($1.86 in chips) 
Seat 6: Dorex2007 ($2.51 in chips) 
Seat 7: Artiom198 ($2 in chips) 
Seat 8: Boomgah ($2.08 in chips) 
Seat 9: Asparrowhawk ($1.83 in chips) 
Artiom198: posts small blind $0.01
Boomgah: posts big blind $0.02
*** HOLE CARDS ***
Dealt to Dorex2007 [5h As]
Asparrowhawk: folds 
pachazinho: folds 
freebeg has timed out
freebeg: folds 
Svat73: folds 
cronnan: folds 
Dorex2007: folds 
Artiom198: calls $0.01
Boomgah: checks 
*** FLOP *** [7c Qh 4h]
Artiom198: checks 
Boomgah: bets $0.04
Artiom198: folds 
Uncalled bet ($0.04) returned to Boomgah
Boomgah collected $0.04 from pot
*** SUMMARY ***
Total pot $0.04 | Rake $0 
Board [7c Qh 4h]
Seat 1: pachazinho folded before Flop (didn't bet)
Seat 2: freebeg folded before Flop (didn't bet)
Seat 4: Svat73 folded before Flop (didn't bet)
Seat 5: cronnan folded before Flop (didn't bet)
Seat 6: Dorex2007 (button) folded before Flop (didn't bet)
Seat 7: Artiom198 (small blind) folded on the Flop
Seat 8: Boomgah (big blind) collected ($0.04)
Seat 9: Asparrowhawk folded before Flop (didn't bet)



PokerStars Hand #232946826010:  Hold'em No Limit ($0.01/$0.02 USD) - 2022/01/08 13:09:18 PT [2022/01/08 16:09:18 ET]
Table 'Bengt V' 9-max Seat #7 is the button
Seat 1: pachazinho ($1.77 in chips) 
Seat 3: Mister X2012 ($0.60 in chips) 
Seat 4: Svat73 ($3.19 in chips) 
Seat 5: cronnan ($1.86 in chips) 
Seat 6: Dorex2007 ($2.51 in chips) 
Seat 7: Artiom198 ($2 in chips) 
Seat 8: Boomgah ($2.10 in chips) 
Seat 9: Asparrowhawk ($1.83 in chips) 
Boomgah: posts small blind $0.01
Asparrowhawk: posts big blind $0.02
*** HOLE CARDS ***
Dealt to Dorex2007 [5h 4h]
pachazinho: folds 
Mister X2012: folds 
Svat73: folds 
cronnan: folds 
Dorex2007: folds 
Artiom198: folds 
Boomgah: folds 
Uncalled bet ($0.01) returned to Asparrowhawk
Asparrowhawk collected $0.02 from pot
*** SUMMARY ***
Total pot $0.02 | Rake $0 
Seat 1: pachazinho folded before Flop (didn't bet)
Seat 3: Mister X2012 folded before Flop (didn't bet)
Seat 4: Svat73 folded before Flop (didn't bet)
Seat 5: cronnan folded before Flop (didn't bet)
Seat 6: Dorex2007 folded before Flop (didn't bet)
Seat 7: Artiom198 (button) folded before Flop (didn't bet)
Seat 8: Boomgah (small blind) folded before Flop
Seat 9: Asparrowhawk (big blind) collected ($0.02)



PokerStars Hand #232946839634:  Hold'em No Limit ($0.01/$0.02 USD) - 2022/01/08 13:09:39 PT [2022/01/08 16:09:39 ET]
Table 'Bengt V' 9-max Seat #8 is the button
Seat 1: pachazinho ($1.77 in chips) 
Seat 3: Mister X2012 ($0.60 in chips) 
Seat 4: Svat73 ($3.19 in chips) 
Seat 5: cronnan ($1.86 in chips) 
Seat 6: Dorex2007 ($2.51 in chips) 
Seat 7: Artiom198 ($2 in chips) 
Seat 8: Boomgah ($2.09 in chips) 
Seat 9: Asparrowhawk ($1.84 in chips) 
Asparrowhawk: posts small blind $0.01
pachazinho: posts big blind $0.02
*** HOLE CARDS ***
Dealt to Dorex2007 [5s Js]
Mister X2012 said, "pidrila ebani"
Mister X2012: raises $0.04 to $0.06
Svat73: folds 
cronnan: folds 
Dorex2007: folds 
Artiom198: calls $0.06
Boomgah: folds 
Asparrowhawk: folds 
pachazinho: folds 
*** FLOP *** [5h Ad 8h]
Mister X2012: checks 
Artiom198: bets $0.06
Mister X2012: calls $0.06
*** TURN *** [5h Ad 8h] [4d]
Mister X2012: checks 
Artiom198: bets $0.06
Mister X2012: calls $0.06
*** RIVER *** [5h Ad 8h 4d] [2d]
Mister X2012: checks 
Artiom198: checks 
*** SHOW DOWN ***
Mister X2012: shows [7h Qh] (high card Ace)
Artiom198: shows [Ac Jh] (a pair of Aces)
Artiom198 collected $0.38 from pot
*** SUMMARY ***
Total pot $0.39 | Rake $0.01 
Board [5h Ad 8h 4d 2d]
Seat 1: pachazinho (big blind) folded before Flop
Seat 3: Mister X2012 showed [7h Qh] and lost with high card Ace
Seat 4: Svat73 folded before Flop (didn't bet)
Seat 5: cronnan folded before Flop (didn't bet)
Seat 6: Dorex2007 folded before Flop (didn't bet)
Seat 7: Artiom198 showed [Ac Jh] and won ($0.38) with a pair of Aces
Seat 8: Boomgah (button) folded before Flop (didn't bet)
Seat 9: Asparrowhawk (small blind) folded before Flop



PokerStars Hand #232946882240:  Hold'em No Limit ($0.01/$0.02 USD) - 2022/01/08 13:10:42 PT [2022/01/08 16:10:42 ET]
Table 'Bengt V' 9-max Seat #9 is the button
Seat 1: pachazinho ($1.75 in chips) 
Seat 3: Mister X2012 ($0.42 in chips) 
Seat 4: Svat73 ($3.19 in chips) 
Seat 5: cronnan ($1.86 in chips) 
Seat 6: Dorex2007 ($2.51 in chips) 
Seat 7: Artiom198 ($2.20 in chips) 
Seat 8: Boomgah ($2.09 in chips) 
Seat 9: Asparrowhawk ($1.83 in chips) 
pachazinho: posts small blind $0.01
Mister X2012: posts big blind $0.02
*** HOLE CARDS ***
Dealt to Dorex2007 [8d 7c]
Svat73: folds 
cronnan: folds 
Dorex2007: folds 
Artiom198: folds 
Boomgah has timed out
Boomgah: folds 
Mister X2012 said, "pidrila ebani"
Asparrowhawk: calls $0.02
pachazinho: calls $0.01
Mister X2012: checks 
*** FLOP *** [Ks Jh 2c]
pachazinho: checks 
Mister X2012: checks 
Asparrowhawk: checks 
*** TURN *** [Ks Jh 2c] [Qs]
Mister X2012 said, "j tj zavalu cuku"
pachazinho: checks 
Mister X2012: checks 
Asparrowhawk: checks 
*** RIVER *** [Ks Jh 2c Qs] [7d]
pachazinho: checks 
Mister X2012: checks 
Asparrowhawk: checks 
*** SHOW DOWN ***
pachazinho: shows [3h 7s] (a pair of Sevens)
Mister X2012: mucks hand 
Asparrowhawk: mucks hand 
pachazinho collected $0.06 from pot
*** SUMMARY ***
Total pot $0.06 | Rake $0 
Board [Ks Jh 2c Qs 7d]
Seat 1: pachazinho (small blind) showed [3h 7s] and won ($0.06) with a pair of Sevens
Seat 3: Mister X2012 (big blind) mucked [4c 8h]
Seat 4: Svat73 folded before Flop (didn't bet)
Seat 5: cronnan folded before Flop (didn't bet)
Seat 6: Dorex2007 folded before Flop (didn't bet)
Seat 7: Artiom198 folded before Flop (didn't bet)
Seat 8: Boomgah folded before Flop (didn't bet)
Seat 9: Asparrowhawk (button) mucked [9s Ac]



PokerStars Hand #232946940846:  Hold'em No Limit ($0.01/$0.02 USD) - 2022/01/08 13:12:10 PT [2022/01/08 16:12:10 ET]
Table 'Bengt V' 9-max Seat #1 is the button
Seat 1: pachazinho ($1.79 in chips) 
Seat 3: Mister X2012 ($0.40 in chips) 
Seat 4: Svat73 ($3.19 in chips) 
Seat 5: cronnan ($1.86 in chips) 
Seat 6: Dorex2007 ($2.51 in chips) 
Seat 7: Artiom198 ($2.20 in chips) 
Seat 8: Boomgah ($2.09 in chips) 
Seat 9: Asparrowhawk ($1.81 in chips) 
Mister X2012: posts small blind $0.01
Svat73: posts big blind $0.02
*** HOLE CARDS ***
Dealt to Dorex2007 [Ks 8h]
cronnan: folds 
Dorex2007: folds 
Artiom198: folds 
Boomgah: folds 
Asparrowhawk: calls $0.02
pachazinho: calls $0.02
Mister X2012: folds 
Svat73: checks 
*** FLOP *** [Jh 2d Jc]
Svat73: checks 
Asparrowhawk: bets $0.02
pachazinho: calls $0.02
Svat73: folds 
*** TURN *** [Jh 2d Jc] [4c]
Asparrowhawk: checks 
pachazinho: checks 
*** RIVER *** [Jh 2d Jc 4c] [7d]
Asparrowhawk: checks 
pachazinho: checks 
*** SHOW DOWN ***
Asparrowhawk: shows [3c 3s] (two pair, Jacks and Threes)
pachazinho: mucks hand 
Asparrowhawk collected $0.11 from pot
*** SUMMARY ***
Total pot $0.11 | Rake $0 
Board [Jh 2d Jc 4c 7d]
Seat 1: pachazinho (button) mucked [Tc 6c]
Seat 3: Mister X2012 (small blind) folded before Flop
Seat 4: Svat73 (big blind) folded on the Flop
Seat 5: cronnan folded before Flop (didn't bet)
Seat 6: Dorex2007 folded before Flop (didn't bet)
Seat 7: Artiom198 folded before Flop (didn't bet)
Seat 8: Boomgah folded before Flop (didn't bet)
Seat 9: Asparrowhawk showed [3c 3s] and won ($0.11) with two pair, Jacks and Threes



PokerStars Hand #232946991859:  Hold'em No Limit ($0.01/$0.02 USD) - 2022/01/08 13:13:27 PT [2022/01/08 16:13:27 ET]
Table 'Bengt V' 9-max Seat #3 is the button
Seat 1: pachazinho ($1.75 in chips) 
Seat 3: Mister X2012 ($0.39 in chips) 
Seat 4: Svat73 ($3.17 in chips) 
Seat 5: cronnan ($1.86 in chips) 
Seat 6: Dorex2007 ($2.51 in chips) 
Seat 7: Artiom198 ($2.20 in chips) 
Seat 8: Boomgah ($2.09 in chips) 
Seat 9: Asparrowhawk ($1.88 in chips) 
Svat73: posts small blind $0.01
cronnan: posts big blind $0.02
*** HOLE CARDS ***
Dealt to Dorex2007 [Kh 7d]
Dorex2007: folds 
Artiom198: folds 
Boomgah: folds 
Asparrowhawk: calls $0.02
pachazinho: folds 
Mister X2012: folds 
Svat73: folds 
cronnan: checks 
*** FLOP *** [9h 7h Qs]
cronnan: checks 
Asparrowhawk: checks 
*** TURN *** [9h 7h Qs] [5c]
cronnan: bets $0.02
Asparrowhawk: calls $0.02
*** RIVER *** [9h 7h Qs 5c] [7s]
cronnan: bets $0.04
Asparrowhawk: calls $0.04
*** SHOW DOWN ***
cronnan: shows [Tc Qh] (two pair, Queens and Sevens)
Asparrowhawk: mucks hand 
cronnan collected $0.16 from pot
*** SUMMARY ***
Total pot $0.17 | Rake $0.01 
Board [9h 7h Qs 5c 7s]
Seat 1: pachazinho folded before Flop (didn't bet)
Seat 3: Mister X2012 (button) folded before Flop (didn't bet)
Seat 4: Svat73 (small blind) folded before Flop
Seat 5: cronnan (big blind) showed [Tc Qh] and won ($0.16) with two pair, Queens and Sevens
Seat 6: Dorex2007 folded before Flop (didn't bet)
Seat 7: Artiom198 folded before Flop (didn't bet)
Seat 8: Boomgah folded before Flop (didn't bet)
Seat 9: Asparrowhawk mucked [Ac 5h]



PokerStars Hand #232947036452:  Hold'em No Limit ($0.01/$0.02 USD) - 2022/01/08 13:14:21 PT [2022/01/08 16:14:21 ET]
Table 'Bengt V' 9-max Seat #4 is the button
Seat 1: pachazinho ($1.75 in chips) 
Seat 3: Mister X2012 ($0.39 in chips) 
Seat 4: Svat73 ($3.16 in chips) 
Seat 5: cronnan ($1.94 in chips) 
Seat 6: Dorex2007 ($2.51 in chips) 
Seat 7: Artiom198 ($2.20 in chips) 
Seat 8: Boomgah ($2.09 in chips) 
Seat 9: Asparrowhawk ($1.80 in chips) 
cronnan: posts small blind $0.01
Dorex2007: posts big blind $0.02
*** HOLE CARDS ***
Dealt to Dorex2007 [2c 2s]
Artiom198: folds 
Artiom198 leaves the table
Boomgah: folds 
Asparrowhawk: calls $0.02
pachazinho: raises $0.04 to $0.06
regedid joins the table at seat #7 
Mister X2012: calls $0.06
Svat73: folds 
cronnan: calls $0.05
Dorex2007: folds 
Asparrowhawk: calls $0.04
*** FLOP *** [Td 9c 3c]
cronnan: checks 
Asparrowhawk: checks 
pachazinho: bets $0.25
Mister X2012: folds 
cronnan: folds 
Asparrowhawk: folds 
Uncalled bet ($0.25) returned to pachazinho
pachazinho collected $0.25 from pot
*** SUMMARY ***
Total pot $0.26 | Rake $0.01 
Board [Td 9c 3c]
Seat 1: pachazinho collected ($0.25)
Seat 3: Mister X2012 folded on the Flop
Seat 4: Svat73 (button) folded before Flop (didn't bet)
Seat 5: cronnan (small blind) folded on the Flop
Seat 6: Dorex2007 (big blind) folded before Flop
Seat 7: Artiom198 folded before Flop (didn't bet)
Seat 8: Boomgah folded before Flop (didn't bet)
Seat 9: Asparrowhawk folded on the Flop



PokerStars Hand #232947090374:  Hold'em No Limit ($0.01/$0.02 USD) - 2022/01/08 13:15:41 PT [2022/01/08 16:15:41 ET]
Table 'Bengt V' 9-max Seat #5 is the button
Seat 1: pachazinho ($1.94 in chips) 
Seat 3: Mister X2012 ($0.33 in chips) 
Seat 4: Svat73 ($3.16 in chips) 
Seat 5: cronnan ($1.88 in chips) 
Seat 6: Dorex2007 ($2.49 in chips) 
Seat 7: regedid ($2 in chips) 
Seat 8: Boomgah ($2.09 in chips) 
Seat 9: Asparrowhawk ($1.74 in chips) 
Dorex2007: posts small blind $0.01
regedid: posts big blind $0.02
*** HOLE CARDS ***
Dealt to Dorex2007 [2s 6d]
Boomgah: folds 
Asparrowhawk: folds 
pachazinho: folds 
Mister X2012: folds 
Svat73: folds 
cronnan: calls $0.02
Dorex2007: folds 
regedid: checks 
*** FLOP *** [Ks 4s As]
regedid: checks 
cronnan: checks 
*** TURN *** [Ks 4s As] [2d]
regedid: checks 
cronnan: checks 
*** RIVER *** [Ks 4s As 2d] [Ts]
regedid: checks 
cronnan: checks 
*** SHOW DOWN ***
regedid: shows [3h 7d] (high card Ace)
cronnan: shows [8c 5c] (high card Ace - King+Ten+Eight kicker)
cronnan collected $0.05 from pot
*** SUMMARY ***
Total pot $0.05 | Rake $0 
Board [Ks 4s As 2d Ts]
Seat 1: pachazinho folded before Flop (didn't bet)
Seat 3: Mister X2012 folded before Flop (didn't bet)
Seat 4: Svat73 folded before Flop (didn't bet)
Seat 5: cronnan (button) showed [8c 5c] and won ($0.05) with high card Ace
Seat 6: Dorex2007 (small blind) folded before Flop
Seat 7: regedid (big blind) showed [3h 7d] and lost with high card Ace
Seat 8: Boomgah folded before Flop (didn't bet)
Seat 9: Asparrowhawk folded before Flop (didn't bet)



PokerStars Hand #232947115998:  Hold'em No Limit ($0.01/$0.02 USD) - 2022/01/08 13:16:18 PT [2022/01/08 16:16:18 ET]
Table 'Bengt V' 9-max Seat #6 is the button
Seat 1: pachazinho ($1.94 in chips) 
Seat 3: Mister X2012 ($0.33 in chips) 
Seat 4: Svat73 ($3.16 in chips) 
Seat 5: cronnan ($1.91 in chips) 
Seat 6: Dorex2007 ($2.48 in chips) 
Seat 7: regedid ($1.98 in chips) 
Seat 8: Boomgah ($2.09 in chips) 
Seat 9: Asparrowhawk ($1.74 in chips) 
regedid: posts small blind $0.01
Boomgah: posts big blind $0.02
*** HOLE CARDS ***
Dealt to Dorex2007 [Ah Qs]
Asparrowhawk: folds 
pachazinho: calls $0.02
Mister X2012: folds 
Svat73: folds 
cronnan: folds 
Dorex2007: raises $0.04 to $0.06
regedid: folds 
Boomgah: folds 
pachazinho: calls $0.04
*** FLOP *** [Qc Th 8c]
pachazinho: checks 
Dorex2007: bets $0.14
pachazinho: folds 
Uncalled bet ($0.14) returned to Dorex2007
Dorex2007 collected $0.14 from pot
Dorex2007: doesn't show hand 
*** SUMMARY ***
Total pot $0.15 | Rake $0.01 
Board [Qc Th 8c]
Seat 1: pachazinho folded on the Flop
Seat 3: Mister X2012 folded before Flop (didn't bet)
Seat 4: Svat73 folded before Flop (didn't bet)
Seat 5: cronnan folded before Flop (didn't bet)
Seat 6: Dorex2007 (button) collected ($0.14)
Seat 7: regedid (small blind) folded before Flop
Seat 8: Boomgah (big blind) folded before Flop
Seat 9: Asparrowhawk folded before Flop (didn't bet)



PokerStars Hand #232947140970:  Hold'em No Limit ($0.01/$0.02 USD) - 2022/01/08 13:16:55 PT [2022/01/08 16:16:55 ET]
Table 'Bengt V' 9-max Seat #7 is the button
Seat 1: pachazinho ($1.88 in chips) 
Seat 3: Mister X2012 ($0.33 in chips) 
Seat 4: Svat73 ($3.16 in chips) 
Seat 5: cronnan ($1.91 in chips) 
Seat 6: Dorex2007 ($2.56 in chips) 
Seat 7: regedid ($1.97 in chips) 
Seat 8: Boomgah ($2.07 in chips) 
Seat 9: Asparrowhawk ($1.74 in chips) 
Boomgah: posts small blind $0.01
Asparrowhawk: posts big blind $0.02
*** HOLE CARDS ***
Dealt to Dorex2007 [9d Ah]
pachazinho: folds 
Mister X2012: folds 
Svat73: calls $0.02
cronnan: calls $0.02
Dorex2007: folds 
regedid: folds 
Boomgah: folds 
Asparrowhawk: checks 
*** FLOP *** [Qh Js 8d]
Asparrowhawk: checks 
Svat73: bets $0.03
cronnan: calls $0.03
Asparrowhawk: folds 
*** TURN *** [Qh Js 8d] [5s]
Svat73: bets $0.06
cronnan: calls $0.06
*** RIVER *** [Qh Js 8d 5s] [6h]
Svat73: checks 
cronnan: checks 
*** SHOW DOWN ***
Svat73: shows [Jc Td] (a pair of Jacks)
cronnan: shows [Jh Th] (a pair of Jacks)
Svat73 collected $0.12 from pot
cronnan collected $0.12 from pot
*** SUMMARY ***
Total pot $0.25 | Rake $0.01 
Board [Qh Js 8d 5s 6h]
Seat 1: pachazinho folded before Flop (didn't bet)
Seat 3: Mister X2012 folded before Flop (didn't bet)
Seat 4: Svat73 showed [Jc Td] and won ($0.12) with a pair of Jacks
Seat 5: cronnan showed [Jh Th] and won ($0.12) with a pair of Jacks
Seat 6: Dorex2007 folded before Flop (didn't bet)
Seat 7: regedid (button) folded before Flop (didn't bet)
Seat 8: Boomgah (small blind) folded before Flop
Seat 9: Asparrowhawk (big blind) folded on the Flop



PokerStars Hand #232947183251:  Hold'em No Limit ($0.01/$0.02 USD) - 2022/01/08 13:17:57 PT [2022/01/08 16:17:57 ET]
Table 'Bengt V' 9-max Seat #8 is the button
Seat 1: pachazinho ($1.88 in chips) 
Seat 3: Mister X2012 ($0.33 in chips) 
Seat 4: Svat73 ($3.17 in chips) 
Seat 5: cronnan ($1.92 in chips) 
Seat 6: Dorex2007 ($2.56 in chips) 
Seat 7: regedid ($1.97 in chips) 
Seat 8: Boomgah ($2.06 in chips) 
Seat 9: Asparrowhawk ($1.72 in chips) 
Asparrowhawk: posts small blind $0.01
pachazinho: posts big blind $0.02
*** HOLE CARDS ***
Dealt to Dorex2007 [6c Kc]
Mister X2012: folds 
Svat73: folds 
cronnan: raises $0.02 to $0.04
Dorex2007: folds 
regedid: folds 
Boomgah: folds 
Asparrowhawk: calls $0.03
pachazinho: calls $0.02
*** FLOP *** [Qh 4d 9s]
Asparrowhawk: bets $0.02
pachazinho: calls $0.02
cronnan: calls $0.02
*** TURN *** [Qh 4d 9s] [7d]
Asparrowhawk: checks 
pachazinho: checks 
cronnan: checks 
*** RIVER *** [Qh 4d 9s 7d] [7s]
Asparrowhawk: bets $0.02
pachazinho: calls $0.02
cronnan: folds 
*** SHOW DOWN ***
Asparrowhawk: shows [Js 9h] (two pair, Nines and Sevens)
pachazinho: shows [7h 6d] (three of a kind, Sevens)
pachazinho collected $0.21 from pot
*** SUMMARY ***
Total pot $0.22 | Rake $0.01 
Board [Qh 4d 9s 7d 7s]
Seat 1: pachazinho (big blind) showed [7h 6d] and won ($0.21) with three of a kind, Sevens
Seat 3: Mister X2012 folded before Flop (didn't bet)
Seat 4: Svat73 folded before Flop (didn't bet)
Seat 5: cronnan folded on the River
Seat 6: Dorex2007 folded before Flop (didn't bet)
Seat 7: regedid folded before Flop (didn't bet)
Seat 8: Boomgah (button) folded before Flop (didn't bet)
Seat 9: Asparrowhawk (small blind) showed [Js 9h] and lost with two pair, Nines and Sevens



PokerStars Hand #232947214230:  Hold'em No Limit ($0.01/$0.02 USD) - 2022/01/08 13:18:42 PT [2022/01/08 16:18:42 ET]
Table 'Bengt V' 9-max Seat #9 is the button
Seat 1: pachazinho ($2.01 in chips) 
Seat 3: Mister X2012 ($0.33 in chips) 
Seat 4: Svat73 ($3.17 in chips) 
Seat 5: cronnan ($1.86 in chips) 
Seat 6: Dorex2007 ($2.56 in chips) 
Seat 7: regedid ($1.97 in chips) 
Seat 8: Boomgah ($2.06 in chips) 
Seat 9: Asparrowhawk ($1.64 in chips) 
pachazinho: posts small blind $0.01
Mister X2012: posts big blind $0.02
*** HOLE CARDS ***
Dealt to Dorex2007 [6c Qs]
Svat73: folds 
cronnan: raises $0.04 to $0.06
Dorex2007: folds 
regedid: folds 
Boomgah: folds 
Asparrowhawk: folds 
pachazinho: folds 
Mister X2012: folds 
Uncalled bet ($0.04) returned to cronnan
cronnan collected $0.05 from pot
cronnan: doesn't show hand 
*** SUMMARY ***
Total pot $0.05 | Rake $0 
Seat 1: pachazinho (small blind) folded before Flop
Seat 3: Mister X2012 (big blind) folded before Flop
Seat 4: Svat73 folded before Flop (didn't bet)
Seat 5: cronnan collected ($0.05)
Seat 6: Dorex2007 folded before Flop (didn't bet)
Seat 7: regedid folded before Flop (didn't bet)
Seat 8: Boomgah folded before Flop (didn't bet)
Seat 9: Asparrowhawk (button) folded before Flop (didn't bet)



PokerStars Hand #232947230171:  Hold'em No Limit ($0.01/$0.02 USD) - 2022/01/08 13:19:06 PT [2022/01/08 16:19:06 ET]
Table 'Bengt V' 9-max Seat #1 is the button
Seat 1: pachazinho ($2 in chips) 
Seat 3: Mister X2012 ($0.31 in chips) 
Seat 4: Svat73 ($3.17 in chips) 
Seat 5: cronnan ($1.89 in chips) 
Seat 6: Dorex2007 ($2.56 in chips) 
Seat 7: regedid ($1.97 in chips) 
Seat 8: Boomgah ($2.06 in chips) 
Seat 9: Asparrowhawk ($1.64 in chips) 
Mister X2012: posts small blind $0.01
Svat73: posts big blind $0.02
*** HOLE CARDS ***
Dealt to Dorex2007 [7h 3s]
cronnan: folds 
Dorex2007: folds 
regedid: folds 
Boomgah: folds 
Asparrowhawk: calls $0.02
pachazinho: folds 
Mister X2012: folds 
Svat73: checks 
*** FLOP *** [Jc 9c Th]
Svat73: bets $0.02
Asparrowhawk: calls $0.02
*** TURN *** [Jc 9c Th] [Ts]
Svat73: bets $0.04
Asparrowhawk: calls $0.04
*** RIVER *** [Jc 9c Th Ts] [6s]
Svat73: bets $0.08
freebeg leaves the table
Asparrowhawk: folds 
Uncalled bet ($0.08) returned to Svat73
Svat73 collected $0.16 from pot
*** SUMMARY ***
Total pot $0.17 | Rake $0.01 
Board [Jc 9c Th Ts 6s]
Seat 1: pachazinho (button) folded before Flop (didn't bet)
Seat 3: Mister X2012 (small blind) folded before Flop
Seat 4: Svat73 (big blind) collected ($0.16)
Seat 5: cronnan folded before Flop (didn't bet)
Seat 6: Dorex2007 folded before Flop (didn't bet)
Seat 7: regedid folded before Flop (didn't bet)
Seat 8: Boomgah folded before Flop (didn't bet)
Seat 9: Asparrowhawk folded on the River



PokerStars Hand #232947261759:  Hold'em No Limit ($0.01/$0.02 USD) - 2022/01/08 13:19:52 PT [2022/01/08 16:19:52 ET]
Table 'Bengt V' 9-max Seat #3 is the button
Seat 1: pachazinho ($2 in chips) 
Seat 3: Mister X2012 ($0.30 in chips) 
Seat 4: Svat73 ($3.25 in chips) 
Seat 5: cronnan ($1.89 in chips) 
Seat 6: Dorex2007 ($2.56 in chips) 
Seat 7: regedid ($1.97 in chips) 
Seat 8: Boomgah ($2.06 in chips) 
Seat 9: Asparrowhawk ($1.56 in chips) 
Svat73: posts small blind $0.01
cronnan: posts big blind $0.02
*** HOLE CARDS ***
Dealt to Dorex2007 [Qs Td]
Dorex2007: folds 
regedid: folds 
Boomgah: folds 
Asparrowhawk: folds 
pachazinho: raises $0.04 to $0.06
Mister X2012: folds 
Svat73: folds 
cronnan: calls $0.04
*** FLOP *** [6s 7h 7c]
cronnan: checks 
pachazinho: checks 
*** TURN *** [6s 7h 7c] [4d]
cronnan: bets $0.04
pachazinho: calls $0.04
*** RIVER *** [6s 7h 7c 4d] [4h]
cronnan: checks 
pachazinho: checks 
*** SHOW DOWN ***
cronnan: shows [Ad Kc] (two pair, Sevens and Fours)
pachazinho: shows [8h Ah] (two pair, Sevens and Fours)
cronnan collected $0.10 from pot
pachazinho collected $0.10 from pot
*** SUMMARY ***
Total pot $0.21 | Rake $0.01 
Board [6s 7h 7c 4d 4h]
Seat 1: pachazinho showed [8h Ah] and won ($0.10) with two pair, Sevens and Fours
Seat 3: Mister X2012 (button) folded before Flop (didn't bet)
Seat 4: Svat73 (small blind) folded before Flop
Seat 5: cronnan (big blind) showed [Ad Kc] and won ($0.10) with two pair, Sevens and Fours
Seat 6: Dorex2007 folded before Flop (didn't bet)
Seat 7: regedid folded before Flop (didn't bet)
Seat 8: Boomgah folded before Flop (didn't bet)
Seat 9: Asparrowhawk folded before Flop (didn't bet)



PokerStars Hand #232947304385:  Hold'em No Limit ($0.01/$0.02 USD) - 2022/01/08 13:20:55 PT [2022/01/08 16:20:55 ET]
Table 'Bengt V' 9-max Seat #4 is the button
Seat 1: pachazinho ($2 in chips) 
Seat 3: Mister X2012 ($0.30 in chips) 
Seat 4: Svat73 ($3.24 in chips) 
Seat 5: cronnan ($1.89 in chips) 
Seat 6: Dorex2007 ($2.56 in chips) 
Seat 7: regedid ($1.97 in chips) 
Seat 8: Boomgah ($2.06 in chips) 
Seat 9: Asparrowhawk ($1.56 in chips) 
cronnan: posts small blind $0.01
Dorex2007: posts big blind $0.02
*** HOLE CARDS ***
Dealt to Dorex2007 [9h 4d]
regedid: folds 
Boomgah: folds 
Asparrowhawk: calls $0.02
pachazinho: calls $0.02
Mister X2012: folds 
Svat73: folds 
cronnan: raises $0.10 to $0.12
Dorex2007: folds 
Asparrowhawk: folds 
pachazinho: folds 
Uncalled bet ($0.10) returned to cronnan
cronnan collected $0.08 from pot
cronnan: doesn't show hand 
*** SUMMARY ***
Total pot $0.08 | Rake $0 
Seat 1: pachazinho folded before Flop
Seat 3: Mister X2012 folded before Flop (didn't bet)
Seat 4: Svat73 (button) folded before Flop (didn't bet)
Seat 5: cronnan (small blind) collected ($0.08)
Seat 6: Dorex2007 (big blind) folded before Flop
Seat 7: regedid folded before Flop (didn't bet)
Seat 8: Boomgah folded before Flop (didn't bet)
Seat 9: Asparrowhawk folded before Flop



PokerStars Hand #232947323906:  Hold'em No Limit ($0.01/$0.02 USD) - 2022/01/08 13:21:24 PT [2022/01/08 16:21:24 ET]
Table 'Bengt V' 9-max Seat #5 is the button
Seat 1: pachazinho ($1.98 in chips) 
Seat 3: Mister X2012 ($0.30 in chips) 
Seat 4: Svat73 ($3.24 in chips) 
Seat 5: cronnan ($1.95 in chips) 
Seat 6: Dorex2007 ($2.54 in chips) 
Seat 7: regedid ($1.97 in chips) 
Seat 8: Boomgah ($2.06 in chips) 
Seat 9: Asparrowhawk ($1.54 in chips) 
Dorex2007: posts small blind $0.01
regedid: posts big blind $0.02
*** HOLE CARDS ***
Dealt to Dorex2007 [Js Qc]
Boomgah: folds 
Asparrowhawk: calls $0.02
pachazinho: folds 
Mister X2012: folds 
Svat73: folds 
cronnan: raises $0.07 to $0.09
Dorex2007: folds 
regedid: folds 
Boomgah leaves the table
Asparrowhawk: calls $0.07
*** FLOP *** [2d 8d 3c]
Asparrowhawk: bets $0.02
cronnan: calls $0.02
*** TURN *** [2d 8d 3c] [4d]
Asparrowhawk: checks 
cronnan: checks 
*** RIVER *** [2d 8d 3c 4d] [6s]
Asparrowhawk: bets $0.12
cronnan: calls $0.12
*** SHOW DOWN ***
Asparrowhawk: shows [6c 6d] (three of a kind, Sixes)
cronnan: shows [5s 5h] (a straight, Deuce to Six)
cronnan collected $0.47 from pot
*** SUMMARY ***
Total pot $0.49 | Rake $0.02 
Board [2d 8d 3c 4d 6s]
Seat 1: pachazinho folded before Flop (didn't bet)
Seat 3: Mister X2012 folded before Flop (didn't bet)
Seat 4: Svat73 folded before Flop (didn't bet)
Seat 5: cronnan (button) showed [5s 5h] and won ($0.47) with a straight, Deuce to Six
Seat 6: Dorex2007 (small blind) folded before Flop
Seat 7: regedid (big blind) folded before Flop
Seat 8: Boomgah folded before Flop (didn't bet)
Seat 9: Asparrowhawk showed [6c 6d] and lost with three of a kind, Sixes



PokerStars Hand #232947367515:  Hold'em No Limit ($0.01/$0.02 USD) - 2022/01/08 13:22:29 PT [2022/01/08 16:22:29 ET]
Table 'Bengt V' 9-max Seat #6 is the button
Seat 1: pachazinho ($1.98 in chips) 
Seat 3: Mister X2012 ($0.30 in chips) 
Seat 4: Svat73 ($3.24 in chips) 
Seat 5: cronnan ($2.19 in chips) 
Seat 6: Dorex2007 ($2.53 in chips) 
Seat 7: regedid ($1.95 in chips) 
Seat 9: Asparrowhawk ($1.31 in chips) 
regedid: posts small blind $0.01
Asparrowhawk: posts big blind $0.02
*** HOLE CARDS ***
Dealt to Dorex2007 [3s Jc]
pachazinho: folds 
Mister X2012: folds 
Svat73: raises $0.04 to $0.06
cronnan: folds 
Dorex2007: folds 
regedid: folds 
Asparrowhawk: folds 
Uncalled bet ($0.04) returned to Svat73
Svat73 collected $0.05 from pot
*** SUMMARY ***
Total pot $0.05 | Rake $0 
Seat 1: pachazinho folded before Flop (didn't bet)
Seat 3: Mister X2012 folded before Flop (didn't bet)
Seat 4: Svat73 collected ($0.05)
Seat 5: cronnan folded before Flop (didn't bet)
Seat 6: Dorex2007 (button) folded before Flop (didn't bet)
Seat 7: regedid (small blind) folded before Flop
Seat 9: Asparrowhawk (big blind) folded before Flop



PokerStars Hand #232947380976:  Hold'em No Limit ($0.01/$0.02 USD) - 2022/01/08 13:22:49 PT [2022/01/08 16:22:49 ET]
Table 'Bengt V' 9-max Seat #7 is the button
Seat 1: pachazinho ($1.98 in chips) 
Seat 3: Mister X2012 ($0.30 in chips) 
Seat 4: Svat73 ($3.27 in chips) 
Seat 5: cronnan ($2.19 in chips) 
Seat 6: Dorex2007 ($2.53 in chips) 
Seat 7: regedid ($1.94 in chips) 
Seat 9: Asparrowhawk ($1.29 in chips) 
Asparrowhawk: posts small blind $0.01
pachazinho: posts big blind $0.02
*** HOLE CARDS ***
Dealt to Dorex2007 [9c 2h]
Mister X2012: folds 
Svat73: raises $0.04 to $0.06
cronnan: folds 
Dorex2007: folds 
regedid: folds 
Asparrowhawk: folds 
pachazinho: folds 
Uncalled bet ($0.04) returned to Svat73
Svat73 collected $0.05 from pot
*** SUMMARY ***
Total pot $0.05 | Rake $0 
Seat 1: pachazinho (big blind) folded before Flop
Seat 3: Mister X2012 folded before Flop (didn't bet)
Seat 4: Svat73 collected ($0.05)
Seat 5: cronnan folded before Flop (didn't bet)
Seat 6: Dorex2007 folded before Flop (didn't bet)
Seat 7: regedid (button) folded before Flop (didn't bet)
Seat 9: Asparrowhawk (small blind) folded before Flop



PokerStars Hand #232947404020:  Hold'em No Limit ($0.01/$0.02 USD) - 2022/01/08 13:23:12 PT [2022/01/08 16:23:12 ET]
Table 'Bengt V' 9-max Seat #9 is the button
Seat 1: pachazinho ($1.96 in chips) 
Seat 3: Mister X2012 ($0.30 in chips) 
Seat 4: Svat73 ($3.30 in chips) 
Seat 5: cronnan ($2.19 in chips) 
Seat 6: Dorex2007 ($2.53 in chips) 
Seat 7: regedid ($1.94 in chips) 
Seat 9: Asparrowhawk ($1.28 in chips) 
pachazinho: posts small blind $0.01
Mister X2012: posts big blind $0.02
*** HOLE CARDS ***
Dealt to Dorex2007 [Qs Ad]
Svat73: folds 
cronnan: folds 
Dorex2007: raises $0.04 to $0.06
regedid: calls $0.06
Asparrowhawk: folds 
pachazinho: folds 
Mister X2012: folds 
*** FLOP *** [7h 6h Ah]
Asparrowhawk leaves the table
Svat73 leaves the table
Dorex2007: bets $0.14
regedid: folds 
Uncalled bet ($0.14) returned to Dorex2007
Dorex2007 collected $0.14 from pot
Dorex2007: doesn't show hand 
*** SUMMARY ***
Total pot $0.15 | Rake $0.01 
Board [7h 6h Ah]
Seat 1: pachazinho (small blind) folded before Flop
Seat 3: Mister X2012 (big blind) folded before Flop
Seat 4: Svat73 folded before Flop (didn't bet)
Seat 5: cronnan folded before Flop (didn't bet)
Seat 6: Dorex2007 collected ($0.14)
Seat 7: regedid folded on the Flop
Seat 9: Asparrowhawk (button) folded before Flop (didn't bet)



PokerStars Hand #232947429379:  Hold'em No Limit ($0.01/$0.02 USD) - 2022/01/08 13:23:50 PT [2022/01/08 16:23:50 ET]
Table 'Bengt V' 9-max Seat #1 is the button
Seat 1: pachazinho ($1.95 in chips) 
Seat 3: Mister X2012 ($0.28 in chips) 
Seat 5: cronnan ($2.19 in chips) 
Seat 6: Dorex2007 ($2.61 in chips) 
Seat 7: regedid ($1.88 in chips) 
Mister X2012: posts small blind $0.01
cronnan: posts big blind $0.02
*** HOLE CARDS ***
Dealt to Dorex2007 [5s Kh]
Dorex2007: folds 
regedid: folds 
pachazinho: folds 
Mister X2012: folds 
Uncalled bet ($0.01) returned to cronnan
cronnan collected $0.02 from pot
*** SUMMARY ***
Total pot $0.02 | Rake $0 
Seat 1: pachazinho (button) folded before Flop (didn't bet)
Seat 3: Mister X2012 (small blind) folded before Flop
Seat 5: cronnan (big blind) collected ($0.02)
Seat 6: Dorex2007 folded before Flop (didn't bet)
Seat 7: regedid folded before Flop (didn't bet)



