PokerStars Hand #238762363194:  Hold'em No Limit ($0.02/$0.05 USD) - 2022/09/20 18:56:50 PT [2022/09/20 21:56:50 ET]
Table 'Lederle II' 9-max Seat #9 is the button
Seat 1: k4N12 ($3.03 in chips) 
Seat 2: Shaunzie1 ($2.81 in chips) 
Seat 3: FACCHETADE$ ($10 in chips) 
Seat 4: iguiguana ($3.88 in chips) 
Seat 5: AGVsmarT ($5.24 in chips) 
Seat 6: ColinCave ($3.85 in chips) 
Seat 7: cups00013 ($7.51 in chips) 
Seat 8: Dorex2007 ($5 in chips) 
Seat 9: montreal555 ($3.21 in chips) 
k4N12: posts small blind $0.02
Shaunzie1: posts big blind $0.05
Dorex2007: posts big blind $0.05
*** HOLE CARDS ***
Dealt to Dorex2007 [3d 7c]
FACCHETADE$: folds 
iguiguana: raises $0.10 to $0.15
AGVsmarT: folds 
ColinCave: folds 
cups00013: folds 
Dorex2007: folds 
montreal555: folds 
k4N12: folds 
Shaunzie1: calls $0.10
*** FLOP *** [Ac 6s 5d]
Shaunzie1: bets $0.10
iguiguana: calls $0.10
*** TURN *** [Ac 6s 5d] [2h]
Shaunzie1: bets $0.10
iguiguana: raises $0.10 to $0.20
Shaunzie1: calls $0.10
*** RIVER *** [Ac 6s 5d 2h] [As]
Shaunzie1: bets $0.15
iguiguana: calls $0.15
*** SHOW DOWN ***
Shaunzie1: shows [5s 8h] (two pair, Aces and Fives)
iguiguana: shows [Qd Qs] (two pair, Aces and Queens)
iguiguana collected $1.22 from pot
*** SUMMARY ***
Total pot $1.27 | Rake $0.05 
Board [Ac 6s 5d 2h As]
Seat 1: k4N12 (small blind) folded before Flop
Seat 2: Shaunzie1 (big blind) showed [5s 8h] and lost with two pair, Aces and Fives
Seat 3: FACCHETADE$ folded before Flop (didn't bet)
Seat 4: iguiguana showed [Qd Qs] and won ($1.22) with two pair, Aces and Queens
Seat 5: AGVsmarT folded before Flop (didn't bet)
Seat 6: ColinCave folded before Flop (didn't bet)
Seat 7: cups00013 folded before Flop (didn't bet)
Seat 8: Dorex2007 folded before Flop (didn't bet)
Seat 9: montreal555 (button) folded before Flop (didn't bet)



PokerStars Hand #238762372281:  Hold'em No Limit ($0.02/$0.05 USD) - 2022/09/20 18:57:49 PT [2022/09/20 21:57:49 ET]
Table 'Lederle II' 9-max Seat #1 is the button
Seat 1: k4N12 ($3.01 in chips) 
Seat 2: Shaunzie1 ($2.21 in chips) 
Seat 3: FACCHETADE$ ($10 in chips) 
Seat 4: iguiguana ($4.50 in chips) 
Seat 5: AGVsmarT ($5.24 in chips) 
Seat 6: ColinCave ($3.85 in chips) 
Seat 7: cups00013 ($7.51 in chips) 
Seat 8: Dorex2007 ($5 in chips) 
Seat 9: montreal555 ($3.21 in chips) 
Shaunzie1: posts small blind $0.02
FACCHETADE$: posts big blind $0.05
*** HOLE CARDS ***
Dealt to Dorex2007 [Ac 7d]
iguiguana: folds 
AGVsmarT: folds 
ColinCave: raises $0.07 to $0.12
cups00013: calls $0.12
Dorex2007: folds 
montreal555: folds 
k4N12: folds 
Shaunzie1: calls $0.10
FACCHETADE$: calls $0.07
*** FLOP *** [Qc 7c Ts]
Shaunzie1: checks 
FACCHETADE$: checks 
ColinCave: checks 
cups00013: checks 
*** TURN *** [Qc 7c Ts] [6d]
Shaunzie1: checks 
FACCHETADE$: checks 
ColinCave: checks 
cups00013: bets $0.23
Shaunzie1: folds 
FACCHETADE$: folds 
ColinCave: folds 
Uncalled bet ($0.23) returned to cups00013
cups00013 collected $0.46 from pot
cups00013: doesn't show hand 
*** SUMMARY ***
Total pot $0.48 | Rake $0.02 
Board [Qc 7c Ts 6d]
Seat 1: k4N12 (button) folded before Flop (didn't bet)
Seat 2: Shaunzie1 (small blind) folded on the Turn
Seat 3: FACCHETADE$ (big blind) folded on the Turn
Seat 4: iguiguana folded before Flop (didn't bet)
Seat 5: AGVsmarT folded before Flop (didn't bet)
Seat 6: ColinCave folded on the Turn
Seat 7: cups00013 collected ($0.46)
Seat 8: Dorex2007 folded before Flop (didn't bet)
Seat 9: montreal555 folded before Flop (didn't bet)



PokerStars Hand #238762384954:  Hold'em No Limit ($0.02/$0.05 USD) - 2022/09/20 18:59:12 PT [2022/09/20 21:59:12 ET]
Table 'Lederle II' 9-max Seat #2 is the button
Seat 1: k4N12 ($3.01 in chips) 
Seat 2: Shaunzie1 ($2.09 in chips) 
Seat 3: FACCHETADE$ ($9.88 in chips) 
Seat 4: iguiguana ($4.50 in chips) 
Seat 5: AGVsmarT ($5.24 in chips) 
Seat 6: ColinCave ($3.73 in chips) 
Seat 7: cups00013 ($7.85 in chips) 
Seat 8: Dorex2007 ($5 in chips) 
Seat 9: montreal555 ($3.21 in chips) 
FACCHETADE$: posts small blind $0.02
iguiguana: posts big blind $0.05
*** HOLE CARDS ***
Dealt to Dorex2007 [Td 3d]
AGVsmarT: folds 
ColinCave: folds 
cups00013: folds 
Dorex2007: folds 
montreal555: folds 
k4N12: folds 
Shaunzie1: calls $0.05
FACCHETADE$: folds 
iguiguana: checks 
*** FLOP *** [2s 9d As]
iguiguana: checks 
Shaunzie1: checks 
*** TURN *** [2s 9d As] [Kh]
iguiguana: bets $0.12
Shaunzie1: calls $0.12
*** RIVER *** [2s 9d As Kh] [7d]
iguiguana: bets $0.17
Shaunzie1: calls $0.17
*** SHOW DOWN ***
iguiguana: shows [Ac Qh] (a pair of Aces)
Shaunzie1: mucks hand 
iguiguana collected $0.67 from pot
*** SUMMARY ***
Total pot $0.70 | Rake $0.03 
Board [2s 9d As Kh 7d]
Seat 1: k4N12 folded before Flop (didn't bet)
Seat 2: Shaunzie1 (button) mucked [9h 4h]
Seat 3: FACCHETADE$ (small blind) folded before Flop
Seat 4: iguiguana (big blind) showed [Ac Qh] and won ($0.67) with a pair of Aces
Seat 5: AGVsmarT folded before Flop (didn't bet)
Seat 6: ColinCave folded before Flop (didn't bet)
Seat 7: cups00013 folded before Flop (didn't bet)
Seat 8: Dorex2007 folded before Flop (didn't bet)
Seat 9: montreal555 folded before Flop (didn't bet)



PokerStars Hand #238762391617:  Hold'em No Limit ($0.02/$0.05 USD) - 2022/09/20 18:59:55 PT [2022/09/20 21:59:55 ET]
Table 'Lederle II' 9-max Seat #3 is the button
Seat 1: k4N12 ($3.01 in chips) 
Seat 2: Shaunzie1 ($1.75 in chips) 
Seat 3: FACCHETADE$ ($9.86 in chips) 
Seat 4: iguiguana ($4.83 in chips) 
Seat 5: AGVsmarT ($5.24 in chips) 
Seat 6: ColinCave ($3.73 in chips) 
Seat 7: cups00013 ($7.85 in chips) 
Seat 8: Dorex2007 ($5 in chips) 
Seat 9: montreal555 ($3.21 in chips) 
iguiguana: posts small blind $0.02
AGVsmarT: posts big blind $0.05
*** HOLE CARDS ***
Dealt to Dorex2007 [3h Ts]
ColinCave: calls $0.05
cups00013: folds 
Dorex2007: folds 
montreal555: folds 
k4N12: raises $0.10 to $0.15
Shaunzie1: calls $0.15
FACCHETADE$: folds 
iguiguana: calls $0.13
AGVsmarT: folds 
ColinCave: calls $0.10
*** FLOP *** [Tc Kc Js]
iguiguana: checks 
ColinCave: checks 
k4N12: bets $0.20
Shaunzie1: raises $1.40 to $1.60 and is all-in
iguiguana: folds 
ColinCave: folds 
k4N12: calls $1.40
*** TURN *** [Tc Kc Js] [8c]
*** RIVER *** [Tc Kc Js 8c] [2h]
*** SHOW DOWN ***
k4N12: shows [Qd Th] (a pair of Tens)
Shaunzie1: shows [5c Jc] (a flush, King high)
Shaunzie1 collected $3.69 from pot
*** SUMMARY ***
Total pot $3.85 | Rake $0.16 
Board [Tc Kc Js 8c 2h]
Seat 1: k4N12 showed [Qd Th] and lost with a pair of Tens
Seat 2: Shaunzie1 showed [5c Jc] and won ($3.69) with a flush, King high
Seat 3: FACCHETADE$ (button) folded before Flop (didn't bet)
Seat 4: iguiguana (small blind) folded on the Flop
Seat 5: AGVsmarT (big blind) folded before Flop
Seat 6: ColinCave folded on the Flop
Seat 7: cups00013 folded before Flop (didn't bet)
Seat 8: Dorex2007 folded before Flop (didn't bet)
Seat 9: montreal555 folded before Flop (didn't bet)



PokerStars Hand #238762408901:  Hold'em No Limit ($0.02/$0.05 USD) - 2022/09/20 19:01:33 PT [2022/09/20 22:01:33 ET]
Table 'Lederle II' 9-max Seat #4 is the button
Seat 1: k4N12 ($1.26 in chips) 
Seat 2: Shaunzie1 ($3.69 in chips) 
Seat 3: FACCHETADE$ ($9.86 in chips) 
Seat 4: iguiguana ($4.68 in chips) 
Seat 5: AGVsmarT ($5.19 in chips) 
Seat 6: ColinCave ($3.58 in chips) 
Seat 7: cups00013 ($7.85 in chips) 
Seat 8: Dorex2007 ($5 in chips) 
Seat 9: montreal555 ($3.21 in chips) 
AGVsmarT: posts small blind $0.02
ColinCave: posts big blind $0.05
*** HOLE CARDS ***
Dealt to Dorex2007 [9c 7h]
cups00013: folds 
Dorex2007: folds 
montreal555: folds 
k4N12: folds 
Shaunzie1: calls $0.05
FACCHETADE$: folds 
iguiguana: folds 
AGVsmarT: folds 
ColinCave: checks 
*** FLOP *** [Kh 9h 5s]
ColinCave: checks 
Shaunzie1: checks 
*** TURN *** [Kh 9h 5s] [3d]
ColinCave: checks 
Shaunzie1: bets $0.10
ColinCave: folds 
Uncalled bet ($0.10) returned to Shaunzie1
Shaunzie1 collected $0.12 from pot
*** SUMMARY ***
Total pot $0.12 | Rake $0 
Board [Kh 9h 5s 3d]
Seat 1: k4N12 folded before Flop (didn't bet)
Seat 2: Shaunzie1 collected ($0.12)
Seat 3: FACCHETADE$ folded before Flop (didn't bet)
Seat 4: iguiguana (button) folded before Flop (didn't bet)
Seat 5: AGVsmarT (small blind) folded before Flop
Seat 6: ColinCave (big blind) folded on the Turn
Seat 7: cups00013 folded before Flop (didn't bet)
Seat 8: Dorex2007 folded before Flop (didn't bet)
Seat 9: montreal555 folded before Flop (didn't bet)



PokerStars Hand #238762416129:  Hold'em No Limit ($0.02/$0.05 USD) - 2022/09/20 19:02:12 PT [2022/09/20 22:02:12 ET]
Table 'Lederle II' 9-max Seat #5 is the button
Seat 1: k4N12 ($1.26 in chips) 
Seat 2: Shaunzie1 ($3.76 in chips) 
Seat 3: FACCHETADE$ ($9.86 in chips) 
Seat 4: iguiguana ($4.68 in chips) 
Seat 5: AGVsmarT ($5.17 in chips) 
Seat 6: ColinCave ($3.53 in chips) 
Seat 7: cups00013 ($7.85 in chips) 
Seat 8: Dorex2007 ($5 in chips) 
Seat 9: montreal555 ($3.21 in chips) 
ColinCave: posts small blind $0.02
cups00013: posts big blind $0.05
*** HOLE CARDS ***
Dealt to Dorex2007 [Ts 6d]
Dorex2007: folds 
montreal555: folds 
k4N12: folds 
Shaunzie1: calls $0.05
FACCHETADE$: raises $0.05 to $0.10
iguiguana: folds 
AGVsmarT: folds 
ColinCave: folds 
cups00013: calls $0.05
Shaunzie1: calls $0.05
*** FLOP *** [Qd 2h Ah]
cups00013: checks 
Shaunzie1: checks 
FACCHETADE$: bets $0.25
cups00013: calls $0.25
Shaunzie1: calls $0.25
*** TURN *** [Qd 2h Ah] [3s]
cups00013: checks 
Shaunzie1: checks 
FACCHETADE$: bets $0.70
cups00013: folds 
Shaunzie1: folds 
Uncalled bet ($0.70) returned to FACCHETADE$
FACCHETADE$ collected $1.03 from pot
*** SUMMARY ***
Total pot $1.07 | Rake $0.04 
Board [Qd 2h Ah 3s]
Seat 1: k4N12 folded before Flop (didn't bet)
Seat 2: Shaunzie1 folded on the Turn
Seat 3: FACCHETADE$ collected ($1.03)
Seat 4: iguiguana folded before Flop (didn't bet)
Seat 5: AGVsmarT (button) folded before Flop (didn't bet)
Seat 6: ColinCave (small blind) folded before Flop
Seat 7: cups00013 (big blind) folded on the Turn
Seat 8: Dorex2007 folded before Flop (didn't bet)
Seat 9: montreal555 folded before Flop (didn't bet)



PokerStars Hand #238762430452:  Hold'em No Limit ($0.02/$0.05 USD) - 2022/09/20 19:03:27 PT [2022/09/20 22:03:27 ET]
Table 'Lederle II' 9-max Seat #6 is the button
Seat 1: k4N12 ($1.26 in chips) 
Seat 2: Shaunzie1 ($3.41 in chips) 
Seat 3: FACCHETADE$ ($10.54 in chips) 
Seat 4: iguiguana ($4.68 in chips) 
Seat 5: AGVsmarT ($5.17 in chips) 
Seat 6: ColinCave ($3.51 in chips) 
Seat 7: cups00013 ($7.50 in chips) 
Seat 8: Dorex2007 ($5 in chips) 
Seat 9: montreal555 ($3.21 in chips) 
cups00013: posts small blind $0.02
Dorex2007: posts big blind $0.05
*** HOLE CARDS ***
Dealt to Dorex2007 [7c Qc]
montreal555: folds 
k4N12: folds 
Shaunzie1: calls $0.05
montreal555 leaves the table
FACCHETADE$: folds 
iguiguana: folds 
AGVsmarT: raises $0.17 to $0.22
ColinCave: folds 
cups00013: calls $0.20
Dorex2007: folds 
Shaunzie1: calls $0.17
*** FLOP *** [8d As 6d]
cups00013: checks 
Shaunzie1: bets $0.10
AGVsmarT: raises $0.20 to $0.30
cups00013: calls $0.30
Shaunzie1: calls $0.20
*** TURN *** [8d As 6d] [4s]
cups00013: checks 
Shaunzie1: bets $0.30
koluminha joins the table at seat #9 
AGVsmarT: raises $0.40 to $0.70
cups00013: calls $0.70
Shaunzie1: calls $0.40
*** RIVER *** [8d As 6d 4s] [2s]
cups00013: checks 
Shaunzie1: checks 
AGVsmarT: checks 
*** SHOW DOWN ***
cups00013: shows [Ah Qd] (a pair of Aces)
Shaunzie1: mucks hand 
AGVsmarT: shows [Ac Kc] (a pair of Aces - King kicker)
AGVsmarT collected $3.56 from pot
*** SUMMARY ***
Total pot $3.71 | Rake $0.15 
Board [8d As 6d 4s 2s]
Seat 1: k4N12 folded before Flop (didn't bet)
Seat 2: Shaunzie1 mucked [6c 7d]
Seat 3: FACCHETADE$ folded before Flop (didn't bet)
Seat 4: iguiguana folded before Flop (didn't bet)
Seat 5: AGVsmarT showed [Ac Kc] and won ($3.56) with a pair of Aces
Seat 6: ColinCave (button) folded before Flop (didn't bet)
Seat 7: cups00013 (small blind) showed [Ah Qd] and lost with a pair of Aces
Seat 8: Dorex2007 (big blind) folded before Flop
Seat 9: montreal555 folded before Flop (didn't bet)



PokerStars Hand #238762442302:  Hold'em No Limit ($0.02/$0.05 USD) - 2022/09/20 19:04:28 PT [2022/09/20 22:04:28 ET]
Table 'Lederle II' 9-max Seat #7 is the button
Seat 1: k4N12 ($1.26 in chips) 
Seat 2: Shaunzie1 ($2.19 in chips) 
Seat 3: FACCHETADE$ ($10.54 in chips) 
Seat 4: iguiguana ($4.68 in chips) 
Seat 5: AGVsmarT ($7.51 in chips) 
Seat 6: ColinCave ($3.51 in chips) 
Seat 7: cups00013 ($6.28 in chips) 
Seat 8: Dorex2007 ($5 in chips) 
Seat 9: koluminha ($5 in chips) 
Dorex2007: posts small blind $0.02
koluminha: posts big blind $0.05
*** HOLE CARDS ***
Dealt to Dorex2007 [2c 7h]
k4N12: raises $0.10 to $0.15
Shaunzie1: calls $0.15
FACCHETADE$: folds 
iguiguana: folds 
AGVsmarT: folds 
ColinCave: folds 
cups00013: folds 
Dorex2007: folds 
koluminha: folds 
*** FLOP *** [6c Qs 2d]
k4N12: checks 
Shaunzie1: bets $0.10
k4N12: calls $0.10
*** TURN *** [6c Qs 2d] [9d]
k4N12: checks 
Shaunzie1: checks 
*** RIVER *** [6c Qs 2d 9d] [2s]
k4N12: bets $0.15
Shaunzie1: calls $0.15
*** SHOW DOWN ***
k4N12: shows [9c 7c] (two pair, Nines and Deuces)
Shaunzie1: mucks hand 
k4N12 collected $0.82 from pot
*** SUMMARY ***
Total pot $0.87 | Rake $0.05 
Board [6c Qs 2d 9d 2s]
Seat 1: k4N12 showed [9c 7c] and won ($0.82) with two pair, Nines and Deuces
Seat 2: Shaunzie1 mucked [Jh 6h]
Seat 3: FACCHETADE$ folded before Flop (didn't bet)
Seat 4: iguiguana folded before Flop (didn't bet)
Seat 5: AGVsmarT folded before Flop (didn't bet)
Seat 6: ColinCave folded before Flop (didn't bet)
Seat 7: cups00013 (button) folded before Flop (didn't bet)
Seat 8: Dorex2007 (small blind) folded before Flop
Seat 9: koluminha (big blind) folded before Flop



PokerStars Hand #238762455528:  Hold'em No Limit ($0.02/$0.05 USD) - 2022/09/20 19:05:38 PT [2022/09/20 22:05:38 ET]
Table 'Lederle II' 9-max Seat #8 is the button
Seat 1: k4N12 ($1.68 in chips) 
Seat 2: Shaunzie1 ($1.79 in chips) 
Seat 3: FACCHETADE$ ($10.54 in chips) 
Seat 4: iguiguana ($4.68 in chips) 
Seat 5: AGVsmarT ($7.51 in chips) 
Seat 6: ColinCave ($3.51 in chips) 
Seat 7: cups00013 ($6.28 in chips) 
Seat 8: Dorex2007 ($5 in chips) 
Seat 9: koluminha ($4.95 in chips) 
koluminha: posts small blind $0.02
k4N12: posts big blind $0.05
*** HOLE CARDS ***
Dealt to Dorex2007 [Kd 3s]
Shaunzie1: calls $0.05
FACCHETADE$: folds 
iguiguana: folds 
AGVsmarT: raises $0.17 to $0.22
ColinCave: folds 
cups00013: folds 
Dorex2007: folds 
koluminha: folds 
k4N12: folds 
Shaunzie1: raises $1.57 to $1.79 and is all-in
AGVsmarT: folds 
Uncalled bet ($1.57) returned to Shaunzie1
Shaunzie1 collected $0.51 from pot
*** SUMMARY ***
Total pot $0.51 | Rake $0 
Seat 1: k4N12 (big blind) folded before Flop
Seat 2: Shaunzie1 collected ($0.51)
Seat 3: FACCHETADE$ folded before Flop (didn't bet)
Seat 4: iguiguana folded before Flop (didn't bet)
Seat 5: AGVsmarT folded before Flop
Seat 6: ColinCave folded before Flop (didn't bet)
Seat 7: cups00013 folded before Flop (didn't bet)
Seat 8: Dorex2007 (button) folded before Flop (didn't bet)
Seat 9: koluminha (small blind) folded before Flop



PokerStars Hand #238762461698:  Hold'em No Limit ($0.02/$0.05 USD) - 2022/09/20 19:06:11 PT [2022/09/20 22:06:11 ET]
Table 'Lederle II' 9-max Seat #9 is the button
Seat 1: k4N12 ($1.63 in chips) 
Seat 2: Shaunzie1 ($2.08 in chips) 
Seat 3: FACCHETADE$ ($10.54 in chips) 
Seat 4: iguiguana ($4.68 in chips) 
Seat 5: AGVsmarT ($7.29 in chips) 
Seat 6: ColinCave ($3.51 in chips) 
Seat 7: cups00013 ($6.28 in chips) 
Seat 8: Dorex2007 ($5 in chips) 
Seat 9: koluminha ($4.93 in chips) 
k4N12: posts small blind $0.02
Shaunzie1: posts big blind $0.05
*** HOLE CARDS ***
Dealt to Dorex2007 [4s Ks]
FACCHETADE$: folds 
iguiguana: folds 
AGVsmarT: raises $0.12 to $0.17
ColinCave: folds 
cups00013: folds 
Dorex2007: folds 
koluminha: folds 
k4N12: calls $0.15
Shaunzie1: calls $0.12
*** FLOP *** [3s 8c 4d]
k4N12: checks 
Shaunzie1: checks 
AGVsmarT: bets $0.49
k4N12: raises $0.74 to $1.23
Shaunzie1: folds 
AGVsmarT: calls $0.74
*** TURN *** [3s 8c 4d] [3h]
k4N12: bets $0.23 and is all-in
AGVsmarT: calls $0.23
*** RIVER *** [3s 8c 4d 3h] [Jc]
*** SHOW DOWN ***
k4N12: shows [7h 8s] (two pair, Eights and Threes)
AGVsmarT: shows [As Ad] (two pair, Aces and Threes)
AGVsmarT collected $3.29 from pot
*** SUMMARY ***
Total pot $3.43 | Rake $0.14 
Board [3s 8c 4d 3h Jc]
Seat 1: k4N12 (small blind) showed [7h 8s] and lost with two pair, Eights and Threes
Seat 2: Shaunzie1 (big blind) folded on the Flop
Seat 3: FACCHETADE$ folded before Flop (didn't bet)
Seat 4: iguiguana folded before Flop (didn't bet)
Seat 5: AGVsmarT showed [As Ad] and won ($3.29) with two pair, Aces and Threes
Seat 6: ColinCave folded before Flop (didn't bet)
Seat 7: cups00013 folded before Flop (didn't bet)
Seat 8: Dorex2007 folded before Flop (didn't bet)
Seat 9: koluminha (button) folded before Flop (didn't bet)



PokerStars Hand #238762469561:  Hold'em No Limit ($0.02/$0.05 USD) - 2022/09/20 19:06:52 PT [2022/09/20 22:06:52 ET]
Table 'Lederle II' 9-max Seat #2 is the button
Seat 2: Shaunzie1 ($1.91 in chips) 
Seat 3: FACCHETADE$ ($10.54 in chips) 
Seat 4: iguiguana ($4.68 in chips) 
Seat 5: AGVsmarT ($8.95 in chips) 
Seat 6: ColinCave ($3.51 in chips) 
Seat 7: cups00013 ($6.28 in chips) 
Seat 8: Dorex2007 ($5 in chips) 
Seat 9: koluminha ($4.93 in chips) 
FACCHETADE$: posts small blind $0.02
iguiguana: posts big blind $0.05
*** HOLE CARDS ***
Dealt to Dorex2007 [8c Qs]
AGVsmarT: folds 
ColinCave: calls $0.05
cups00013: folds 
Dorex2007: folds 
koluminha: folds 
Shaunzie1: calls $0.05
FACCHETADE$: folds 
iguiguana: checks 
*** FLOP *** [Jh 6s 9s]
iguiguana: checks 
ColinCave: checks 
Shaunzie1: checks 
*** TURN *** [Jh 6s 9s] [Ks]
iguiguana: checks 
ColinCave: checks 
Shaunzie1: checks 
*** RIVER *** [Jh 6s 9s Ks] [Ad]
k4N12 is disconnected 
iguiguana: checks 
ColinCave: checks 
Shaunzie1: bets $0.15
iguiguana: folds 
ColinCave: folds 
Uncalled bet ($0.15) returned to Shaunzie1
Shaunzie1 collected $0.16 from pot
*** SUMMARY ***
Total pot $0.17 | Rake $0.01 
Board [Jh 6s 9s Ks Ad]
Seat 2: Shaunzie1 (button) collected ($0.16)
Seat 3: FACCHETADE$ (small blind) folded before Flop
Seat 4: iguiguana (big blind) folded on the River
Seat 5: AGVsmarT folded before Flop (didn't bet)
Seat 6: ColinCave folded on the River
Seat 7: cups00013 folded before Flop (didn't bet)
Seat 8: Dorex2007 folded before Flop (didn't bet)
Seat 9: koluminha folded before Flop (didn't bet)



PokerStars Hand #238762479999:  Hold'em No Limit ($0.02/$0.05 USD) - 2022/09/20 19:07:46 PT [2022/09/20 22:07:46 ET]
Table 'Lederle II' 9-max Seat #3 is the button
Seat 2: Shaunzie1 ($2.02 in chips) 
Seat 3: FACCHETADE$ ($10.52 in chips) 
Seat 4: iguiguana ($4.63 in chips) 
Seat 5: AGVsmarT ($8.95 in chips) 
Seat 6: ColinCave ($3.46 in chips) 
Seat 7: cups00013 ($6.28 in chips) 
Seat 8: Dorex2007 ($5 in chips) 
Seat 9: koluminha ($4.93 in chips) 
iguiguana: posts small blind $0.02
AGVsmarT: posts big blind $0.05
*** HOLE CARDS ***
Dealt to Dorex2007 [5d 5h]
ColinCave: raises $0.10 to $0.15
cups00013: folds 
Dorex2007: calls $0.15
koluminha: folds 
Shaunzie1: calls $0.15
FACCHETADE$: folds 
iguiguana: folds 
AGVsmarT: folds 
*** FLOP *** [7c Qh Kd]
ColinCave: bets $0.25
Dorex2007: folds 
Shaunzie1: calls $0.25
*** TURN *** [7c Qh Kd] [3s]
ColinCave: checks 
Shaunzie1: checks 
*** RIVER *** [7c Qh Kd 3s] [2s]
ColinCave: checks 
Shaunzie1: checks 
*** SHOW DOWN ***
ColinCave: shows [8h 8c] (a pair of Eights)
Shaunzie1: mucks hand 
ColinCave collected $0.98 from pot
*** SUMMARY ***
Total pot $1.02 | Rake $0.04 
Board [7c Qh Kd 3s 2s]
Seat 2: Shaunzie1 mucked [8s Ah]
Seat 3: FACCHETADE$ (button) folded before Flop (didn't bet)
Seat 4: iguiguana (small blind) folded before Flop
Seat 5: AGVsmarT (big blind) folded before Flop
Seat 6: ColinCave showed [8h 8c] and won ($0.98) with a pair of Eights
Seat 7: cups00013 folded before Flop (didn't bet)
Seat 8: Dorex2007 folded on the Flop
Seat 9: koluminha folded before Flop (didn't bet)



PokerStars Hand #238762494342:  Hold'em No Limit ($0.02/$0.05 USD) - 2022/09/20 19:09:03 PT [2022/09/20 22:09:03 ET]
Table 'Lederle II' 9-max Seat #4 is the button
Seat 1: k4N12 ($3.62 in chips) 
Seat 2: Shaunzie1 ($1.62 in chips) 
Seat 3: FACCHETADE$ ($10.52 in chips) 
Seat 4: iguiguana ($4.61 in chips) 
Seat 5: AGVsmarT ($8.90 in chips) 
Seat 6: ColinCave ($4.04 in chips) 
Seat 7: cups00013 ($6.28 in chips) 
Seat 8: Dorex2007 ($5 in chips) 
Seat 9: koluminha ($4.93 in chips) 
AGVsmarT: posts small blind $0.02
ColinCave: posts big blind $0.05
*** HOLE CARDS ***
Dealt to Dorex2007 [4d Ts]
cups00013: folds 
Dorex2007: folds 
koluminha: folds 
k4N12: raises $0.05 to $0.10
Shaunzie1: folds 
FACCHETADE$: folds 
Shaunzie1 leaves the table
iguiguana: calls $0.10
AGVsmarT: folds 
ColinCave: calls $0.05
*** FLOP *** [Tc Js Qh]
ColinCave: checks 
k4N12: checks 
iguiguana: bets $0.15
ColinCave: calls $0.15
k4N12: calls $0.15
*** TURN *** [Tc Js Qh] [Ac]
ColinCave: checks 
k4N12: checks 
iguiguana: checks 
*** RIVER *** [Tc Js Qh Ac] [6c]
ColinCave: checks 
k4N12: checks 
iguiguana: checks 
*** SHOW DOWN ***
ColinCave: shows [9s Qc] (a pair of Queens)
k4N12: mucks hand 
iguiguana: mucks hand 
ColinCave collected $0.74 from pot
*** SUMMARY ***
Total pot $0.77 | Rake $0.03 
Board [Tc Js Qh Ac 6c]
Seat 1: k4N12 mucked [3s 2s]
Seat 2: Shaunzie1 folded before Flop (didn't bet)
Seat 3: FACCHETADE$ folded before Flop (didn't bet)
Seat 4: iguiguana (button) mucked [9h 9c]
Seat 5: AGVsmarT (small blind) folded before Flop
Seat 6: ColinCave (big blind) showed [9s Qc] and won ($0.74) with a pair of Queens
Seat 7: cups00013 folded before Flop (didn't bet)
Seat 8: Dorex2007 folded before Flop (didn't bet)
Seat 9: koluminha folded before Flop (didn't bet)



PokerStars Hand #238762507653:  Hold'em No Limit ($0.02/$0.05 USD) - 2022/09/20 19:10:14 PT [2022/09/20 22:10:14 ET]
Table 'Lederle II' 9-max Seat #5 is the button
Seat 1: k4N12 ($3.37 in chips) 
Seat 3: FACCHETADE$ ($10.52 in chips) 
Seat 4: iguiguana ($4.36 in chips) 
Seat 5: AGVsmarT ($8.88 in chips) 
Seat 6: ColinCave ($4.53 in chips) 
Seat 7: cups00013 ($6.28 in chips) 
Seat 8: Dorex2007 ($5 in chips) 
Seat 9: koluminha ($4.93 in chips) 
ColinCave: posts small blind $0.02
cups00013: posts big blind $0.05
*** HOLE CARDS ***
Dealt to Dorex2007 [7d 2d]
Dorex2007: folds 
koluminha: folds 
k4N12: raises $0.10 to $0.15
FACCHETADE$: raises $0.55 to $0.70
iguiguana: folds 
AGVsmarT has timed out
AGVsmarT: folds 
AGVsmarT is disconnected 
ColinCave: folds 
cups00013: folds 
k4N12: calls $0.55
*** FLOP *** [5d 7s Kh]
RPV16 joins the table at seat #2 
k4N12: checks 
FACCHETADE$: checks 
*** TURN *** [5d 7s Kh] [3d]
k4N12: checks 
FACCHETADE$: checks 
*** RIVER *** [5d 7s Kh 3d] [Jh]
k4N12: checks 
FACCHETADE$: checks 
*** SHOW DOWN ***
k4N12: shows [Qc Js] (a pair of Jacks)
FACCHETADE$: shows [Qh Qd] (a pair of Queens)
FACCHETADE$ collected $1.41 from pot
*** SUMMARY ***
Total pot $1.47 | Rake $0.06 
Board [5d 7s Kh 3d Jh]
Seat 1: k4N12 showed [Qc Js] and lost with a pair of Jacks
Seat 3: FACCHETADE$ showed [Qh Qd] and won ($1.41) with a pair of Queens
Seat 4: iguiguana folded before Flop (didn't bet)
Seat 5: AGVsmarT (button) folded before Flop (didn't bet)
Seat 6: ColinCave (small blind) folded before Flop
Seat 7: cups00013 (big blind) folded before Flop
Seat 8: Dorex2007 folded before Flop (didn't bet)
Seat 9: koluminha folded before Flop (didn't bet)



PokerStars Hand #238762519145:  Hold'em No Limit ($0.02/$0.05 USD) - 2022/09/20 19:11:15 PT [2022/09/20 22:11:15 ET]
Table 'Lederle II' 9-max Seat #6 is the button
Seat 1: k4N12 ($2.67 in chips) 
Seat 3: FACCHETADE$ ($11.23 in chips) 
Seat 4: iguiguana ($4.36 in chips) 
Seat 6: ColinCave ($4.51 in chips) 
Seat 7: cups00013 ($6.23 in chips) 
Seat 8: Dorex2007 ($5 in chips) 
Seat 9: koluminha ($4.93 in chips) 
cups00013: posts small blind $0.02
Dorex2007: posts big blind $0.05
RPV16: sits out 
*** HOLE CARDS ***
Dealt to Dorex2007 [9h 2d]
koluminha: folds 
k4N12: raises $0.05 to $0.10
FACCHETADE$: folds 
iguiguana: folds 
ColinCave: folds 
cups00013: calls $0.08
Dorex2007: folds 
*** FLOP *** [Tc 2h 6s]
cups00013: checks 
k4N12: bets $0.10
cups00013: calls $0.10
*** TURN *** [Tc 2h 6s] [7h]
cups00013: checks 
k4N12: bets $0.15
cups00013: calls $0.15
*** RIVER *** [Tc 2h 6s 7h] [8d]
cups00013: checks 
k4N12: checks 
*** SHOW DOWN ***
cups00013: shows [6d Ad] (a pair of Sixes)
k4N12: shows [Qh Ts] (a pair of Tens)
k4N12 collected $0.71 from pot
*** SUMMARY ***
Total pot $0.75 | Rake $0.04 
Board [Tc 2h 6s 7h 8d]
Seat 1: k4N12 showed [Qh Ts] and won ($0.71) with a pair of Tens
Seat 3: FACCHETADE$ folded before Flop (didn't bet)
Seat 4: iguiguana folded before Flop (didn't bet)
Seat 6: ColinCave (button) folded before Flop (didn't bet)
Seat 7: cups00013 (small blind) showed [6d Ad] and lost with a pair of Sixes
Seat 8: Dorex2007 (big blind) folded before Flop
Seat 9: koluminha folded before Flop (didn't bet)



PokerStars Hand #238762527259:  Hold'em No Limit ($0.02/$0.05 USD) - 2022/09/20 19:11:59 PT [2022/09/20 22:11:59 ET]
Table 'Lederle II' 9-max Seat #7 is the button
Seat 1: k4N12 ($3.03 in chips) 
Seat 2: RPV16 ($2 in chips) 
Seat 3: FACCHETADE$ ($11.23 in chips) 
Seat 4: iguiguana ($4.36 in chips) 
Seat 5: AGVsmarT ($8.88 in chips) 
Seat 6: ColinCave ($4.51 in chips) 
Seat 7: cups00013 ($5.88 in chips) 
Seat 8: Dorex2007 ($5 in chips) 
Seat 9: koluminha ($4.93 in chips) 
Dorex2007: posts small blind $0.02
koluminha: posts big blind $0.05
RPV16: posts big blind $0.05
*** HOLE CARDS ***
Dealt to Dorex2007 [5h Jc]
k4N12: raises $0.05 to $0.10
RPV16: raises $0.05 to $0.15
FACCHETADE$: folds 
iguiguana: folds 
AGVsmarT: folds 
ColinCave: folds 
cups00013: folds 
Dorex2007: folds 
koluminha: folds 
k4N12: calls $0.05
*** FLOP *** [7s 6c 7c]
k4N12: checks 
RPV16: bets $0.12
k4N12: calls $0.12
*** TURN *** [7s 6c 7c] [Ac]
k4N12: checks 
RPV16: bets $0.39
k4N12: calls $0.39
*** RIVER *** [7s 6c 7c Ac] [4h]
k4N12: checks 
RPV16: bets $0.66
k4N12: raises $0.66 to $1.32
RPV16: folds 
Uncalled bet ($0.66) returned to k4N12
k4N12 collected $2.57 from pot
*** SUMMARY ***
Total pot $2.71 | Rake $0.14 
Board [7s 6c 7c Ac 4h]
Seat 1: k4N12 collected ($2.57)
Seat 2: RPV16 folded on the River
Seat 3: FACCHETADE$ folded before Flop (didn't bet)
Seat 4: iguiguana folded before Flop (didn't bet)
Seat 5: AGVsmarT folded before Flop (didn't bet)
Seat 6: ColinCave folded before Flop (didn't bet)
Seat 7: cups00013 (button) folded before Flop (didn't bet)
Seat 8: Dorex2007 (small blind) folded before Flop
Seat 9: koluminha (big blind) folded before Flop



PokerStars Hand #238762538175:  Hold'em No Limit ($0.02/$0.05 USD) - 2022/09/20 19:12:58 PT [2022/09/20 22:12:58 ET]
Table 'Lederle II' 9-max Seat #8 is the button
Seat 1: k4N12 ($4.28 in chips) 
Seat 2: RPV16 ($0.68 in chips) 
Seat 3: FACCHETADE$ ($11.23 in chips) 
Seat 4: iguiguana ($4.36 in chips) 
Seat 5: AGVsmarT ($8.88 in chips) 
Seat 6: ColinCave ($4.51 in chips) 
Seat 7: cups00013 ($5.88 in chips) 
Seat 8: Dorex2007 ($5 in chips) 
Seat 9: koluminha ($4.88 in chips) 
koluminha: posts small blind $0.02
k4N12: posts big blind $0.05
*** HOLE CARDS ***
Dealt to Dorex2007 [Js Th]
RPV16: calls $0.05
FACCHETADE$: folds 
iguiguana: calls $0.05
AGVsmarT: folds 
ColinCave: folds 
cups00013: folds 
Dorex2007: folds 
koluminha: calls $0.03
k4N12: checks 
*** FLOP *** [2s 9s Jh]
koluminha: checks 
k4N12: bets $0.05
RPV16: folds 
iguiguana: raises $0.05 to $0.10
koluminha: folds 
k4N12: calls $0.05
*** TURN *** [2s 9s Jh] [3s]
k4N12: checks 
iguiguana: checks 
*** RIVER *** [2s 9s Jh 3s] [9d]
k4N12: checks 
iguiguana: checks 
*** SHOW DOWN ***
k4N12: shows [Tc 7h] (a pair of Nines)
iguiguana: shows [Kd Qc] (a pair of Nines - King kicker)
iguiguana collected $0.38 from pot
*** SUMMARY ***
Total pot $0.40 | Rake $0.02 
Board [2s 9s Jh 3s 9d]
Seat 1: k4N12 (big blind) showed [Tc 7h] and lost with a pair of Nines
Seat 2: RPV16 folded on the Flop
Seat 3: FACCHETADE$ folded before Flop (didn't bet)
Seat 4: iguiguana showed [Kd Qc] and won ($0.38) with a pair of Nines
Seat 5: AGVsmarT folded before Flop (didn't bet)
Seat 6: ColinCave folded before Flop (didn't bet)
Seat 7: cups00013 folded before Flop (didn't bet)
Seat 8: Dorex2007 (button) folded before Flop (didn't bet)
Seat 9: koluminha (small blind) folded on the Flop



PokerStars Hand #238762546513:  Hold'em No Limit ($0.02/$0.05 USD) - 2022/09/20 19:13:42 PT [2022/09/20 22:13:42 ET]
Table 'Lederle II' 9-max Seat #9 is the button
Seat 1: k4N12 ($4.13 in chips) 
Seat 2: RPV16 ($0.63 in chips) 
Seat 3: FACCHETADE$ ($11.23 in chips) 
Seat 4: iguiguana ($4.59 in chips) 
Seat 5: AGVsmarT ($8.88 in chips) 
Seat 6: ColinCave ($4.51 in chips) 
Seat 7: cups00013 ($5.88 in chips) 
Seat 8: Dorex2007 ($5 in chips) 
Seat 9: koluminha ($4.83 in chips) 
k4N12: posts small blind $0.02
RPV16: posts big blind $0.05
*** HOLE CARDS ***
Dealt to Dorex2007 [2d 6c]
FACCHETADE$ has timed out
FACCHETADE$: folds 
iguiguana: folds 
AGVsmarT: folds 
ColinCave: folds 
cups00013: raises $0.10 to $0.15
Dorex2007: folds 
koluminha: calls $0.15
k4N12: calls $0.13
RPV16: folds 
*** FLOP *** [8h Ad 3h]
k4N12: checks 
cups00013: bets $0.24
koluminha: folds 
k4N12: folds 
Uncalled bet ($0.24) returned to cups00013
cups00013 collected $0.48 from pot
cups00013: doesn't show hand 
*** SUMMARY ***
Total pot $0.50 | Rake $0.02 
Board [8h Ad 3h]
Seat 1: k4N12 (small blind) folded on the Flop
Seat 2: RPV16 (big blind) folded before Flop
Seat 3: FACCHETADE$ folded before Flop (didn't bet)
Seat 4: iguiguana folded before Flop (didn't bet)
Seat 5: AGVsmarT folded before Flop (didn't bet)
Seat 6: ColinCave folded before Flop (didn't bet)
Seat 7: cups00013 collected ($0.48)
Seat 8: Dorex2007 folded before Flop (didn't bet)
Seat 9: koluminha (button) folded on the Flop



PokerStars Hand #238762562318:  Hold'em No Limit ($0.02/$0.05 USD) - 2022/09/20 19:15:08 PT [2022/09/20 22:15:08 ET]
Table 'Lederle II' 9-max Seat #1 is the button
Seat 1: k4N12 ($3.98 in chips) 
Seat 2: RPV16 ($0.58 in chips) 
Seat 4: iguiguana ($4.59 in chips) 
Seat 5: AGVsmarT ($8.88 in chips) 
Seat 6: ColinCave ($4.51 in chips) 
Seat 7: cups00013 ($6.21 in chips) 
Seat 8: Dorex2007 ($5 in chips) 
Seat 9: koluminha ($4.68 in chips) 
RPV16: posts small blind $0.02
iguiguana: posts big blind $0.05
*** HOLE CARDS ***
Dealt to Dorex2007 [Qh 8d]
AGVsmarT: folds 
ColinCave: folds 
cups00013: folds 
Dorex2007: folds 
koluminha: folds 
k4N12: raises $0.10 to $0.15
RPV16: folds 
iguiguana: folds 
Uncalled bet ($0.10) returned to k4N12
k4N12 collected $0.12 from pot
*** SUMMARY ***
Total pot $0.12 | Rake $0 
Seat 1: k4N12 (button) collected ($0.12)
Seat 2: RPV16 (small blind) folded before Flop
Seat 4: iguiguana (big blind) folded before Flop
Seat 5: AGVsmarT folded before Flop (didn't bet)
Seat 6: ColinCave folded before Flop (didn't bet)
Seat 7: cups00013 folded before Flop (didn't bet)
Seat 8: Dorex2007 folded before Flop (didn't bet)
Seat 9: koluminha folded before Flop (didn't bet)



PokerStars Hand #238762566383:  Hold'em No Limit ($0.02/$0.05 USD) - 2022/09/20 19:15:30 PT [2022/09/20 22:15:30 ET]
Table 'Lederle II' 9-max Seat #2 is the button
Seat 1: k4N12 ($4.05 in chips) 
Seat 2: RPV16 ($0.56 in chips) 
Seat 4: iguiguana ($4.54 in chips) 
Seat 5: AGVsmarT ($8.88 in chips) 
Seat 6: ColinCave ($4.51 in chips) 
Seat 7: cups00013 ($6.21 in chips) 
Seat 8: Dorex2007 ($5 in chips) 
Seat 9: koluminha ($4.68 in chips) 
iguiguana: posts small blind $0.02
AGVsmarT: posts big blind $0.05
*** HOLE CARDS ***
Dealt to Dorex2007 [Ad 9d]
ColinCave: folds 
cups00013: folds 
Dorex2007: raises $0.10 to $0.15
koluminha: folds 
k4N12: folds 
RPV16: folds 
iguiguana: calls $0.13
AGVsmarT: folds 
*** FLOP *** [Kd Jc 6d]
iguiguana: checks 
Dorex2007: checks 
*** TURN *** [Kd Jc 6d] [6h]
iguiguana: bets $0.17
Dorex2007: raises $0.34 to $0.51
iguiguana: folds 
Uncalled bet ($0.34) returned to Dorex2007
Dorex2007 collected $0.66 from pot
Dorex2007: doesn't show hand 
*** SUMMARY ***
Total pot $0.69 | Rake $0.03 
Board [Kd Jc 6d 6h]
Seat 1: k4N12 folded before Flop (didn't bet)
Seat 2: RPV16 (button) folded before Flop (didn't bet)
Seat 4: iguiguana (small blind) folded on the Turn
Seat 5: AGVsmarT (big blind) folded before Flop
Seat 6: ColinCave folded before Flop (didn't bet)
Seat 7: cups00013 folded before Flop (didn't bet)
Seat 8: Dorex2007 collected ($0.66)
Seat 9: koluminha folded before Flop (didn't bet)



PokerStars Hand #238762575684:  Hold'em No Limit ($0.02/$0.05 USD) - 2022/09/20 19:16:21 PT [2022/09/20 22:16:21 ET]
Table 'Lederle II' 9-max Seat #4 is the button
Seat 1: k4N12 ($4.05 in chips) 
Seat 2: RPV16 ($0.56 in chips) 
Seat 4: iguiguana ($4.22 in chips) 
Seat 5: AGVsmarT ($8.83 in chips) 
Seat 6: ColinCave ($4.51 in chips) 
Seat 7: cups00013 ($6.21 in chips) 
Seat 8: Dorex2007 ($5.34 in chips) 
Seat 9: koluminha ($4.68 in chips) 
AGVsmarT: posts small blind $0.02
ColinCave: posts big blind $0.05
*** HOLE CARDS ***
Dealt to Dorex2007 [9h 6d]
cups00013: folds 
Dorex2007: folds 
koluminha: folds 
k4N12: raises $0.05 to $0.10
RPV16: calls $0.10
iguiguana: raises $0.37 to $0.47
AGVsmarT: folds 
ColinCave: folds 
k4N12: folds 
RPV16: folds 
Uncalled bet ($0.37) returned to iguiguana
iguiguana collected $0.37 from pot
*** SUMMARY ***
Total pot $0.37 | Rake $0 
Seat 1: k4N12 folded before Flop
Seat 2: RPV16 folded before Flop
Seat 4: iguiguana (button) collected ($0.37)
Seat 5: AGVsmarT (small blind) folded before Flop
Seat 6: ColinCave (big blind) folded before Flop
Seat 7: cups00013 folded before Flop (didn't bet)
Seat 8: Dorex2007 folded before Flop (didn't bet)
Seat 9: koluminha folded before Flop (didn't bet)



PokerStars Hand #238762583168:  Hold'em No Limit ($0.02/$0.05 USD) - 2022/09/20 19:17:02 PT [2022/09/20 22:17:02 ET]
Table 'Lederle II' 9-max Seat #5 is the button
Seat 1: k4N12 ($3.95 in chips) 
Seat 2: RPV16 ($0.46 in chips) 
Seat 4: iguiguana ($4.49 in chips) 
Seat 5: AGVsmarT ($8.81 in chips) 
Seat 6: ColinCave ($4.46 in chips) 
Seat 7: cups00013 ($6.21 in chips) 
Seat 8: Dorex2007 ($5.34 in chips) 
Seat 9: koluminha ($4.68 in chips) 
ColinCave: posts small blind $0.02
cups00013: posts big blind $0.05
*** HOLE CARDS ***
Dealt to Dorex2007 [As Ac]
Dorex2007: raises $0.05 to $0.10
koluminha: folds 
k4N12: calls $0.10
RPV16: calls $0.10
iguiguana: calls $0.10
AGVsmarT: folds 
ColinCave: calls $0.08
cups00013: calls $0.05
*** FLOP *** [5c 4h Jh]
ColinCave: checks 
cups00013: checks 
Dorex2007: bets $5.24 and is all-in
k4N12: calls $3.85 and is all-in
RPV16: calls $0.36 and is all-in
iguiguana: folds 
ColinCave: folds 
cups00013: folds 
Uncalled bet ($1.39) returned to Dorex2007
*** TURN *** [5c 4h Jh] [Td]
*** RIVER *** [5c 4h Jh Td] [6h]
*** SHOW DOWN ***
Dorex2007: shows [As Ac] (a pair of Aces)
k4N12: shows [Qc Qs] (a pair of Queens)
RPV16: shows [6s 3s] (a pair of Sixes)
Dorex2007 cashed out the hand for $6.97 | Cash Out Fee $0.07
*** SUMMARY ***
Total pot $8.66 Main pot $1.61. Side pot $6.69. | Rake $0.36 
Board [5c 4h Jh Td 6h]
Seat 1: k4N12 showed [Qc Qs] and lost with a pair of Queens
Seat 2: RPV16 showed [6s 3s] and lost with a pair of Sixes
Seat 4: iguiguana folded on the Flop
Seat 5: AGVsmarT (button) folded before Flop (didn't bet)
Seat 6: ColinCave (small blind) folded on the Flop
Seat 7: cups00013 (big blind) folded on the Flop
Seat 8: Dorex2007 showed [As Ac] and won ($8.30) with a pair of Aces (pot not awarded as player cashed out)
Seat 9: koluminha folded before Flop (didn't bet)



PokerStars Hand #238762593908:  Hold'em No Limit ($0.02/$0.05 USD) - 2022/09/20 19:18:00 PT [2022/09/20 22:18:00 ET]
Table 'Lederle II' 9-max Seat #6 is the button
Seat 4: iguiguana ($4.39 in chips) 
Seat 5: AGVsmarT ($8.81 in chips) 
Seat 6: ColinCave ($4.36 in chips) 
Seat 7: cups00013 ($6.11 in chips) 
Seat 8: Dorex2007 ($8.36 in chips) 
Seat 9: koluminha ($4.68 in chips) 
cups00013: posts small blind $0.02
Dorex2007: posts big blind $0.05
*** HOLE CARDS ***
Dealt to Dorex2007 [6c 6h]
koluminha has timed out
koluminha: folds 
iguiguana: folds 
RPV16 leaves the table
GrooshBadoosh joins the table at seat #2 
AGVsmarT has timed out
AGVsmarT: folds 
ColinCave: calls $0.05
k4N12 is disconnected 
cups00013: folds 
koluminha leaves the table
Dorex2007: checks 
*** FLOP *** [Qs Qh Ah]
Dorex2007: checks 
ColinCave: checks 
*** TURN *** [Qs Qh Ah] [4c]
Dorex2007: checks 
ColinCave: checks 
*** RIVER *** [Qs Qh Ah 4c] [4d]
Dorex2007: bets $0.08
aruconi joins the table at seat #9 
ColinCave: folds 
Uncalled bet ($0.08) returned to Dorex2007
Dorex2007 collected $0.12 from pot
Dorex2007: doesn't show hand 
*** SUMMARY ***
Total pot $0.12 | Rake $0 
Board [Qs Qh Ah 4c 4d]
Seat 4: iguiguana folded before Flop (didn't bet)
Seat 5: AGVsmarT folded before Flop (didn't bet)
Seat 6: ColinCave (button) folded on the River
Seat 7: cups00013 (small blind) folded before Flop
Seat 8: Dorex2007 (big blind) collected ($0.12)
Seat 9: koluminha folded before Flop (didn't bet)



PokerStars Hand #238762604573:  Hold'em No Limit ($0.02/$0.05 USD) - 2022/09/20 19:18:59 PT [2022/09/20 22:18:59 ET]
Table 'Lederle II' 9-max Seat #7 is the button
Seat 4: iguiguana ($4.39 in chips) 
Seat 5: AGVsmarT ($8.81 in chips) 
Seat 6: ColinCave ($4.31 in chips) 
Seat 7: cups00013 ($6.09 in chips) 
Seat 8: Dorex2007 ($8.43 in chips) 
Seat 9: aruconi ($5 in chips) 
Dorex2007: posts small blind $0.02
aruconi: posts big blind $0.05
GrooshBadoosh: sits out 
*** HOLE CARDS ***
Dealt to Dorex2007 [Kh 3h]
iguiguana: folds 
AGVsmarT: folds 
ColinCave: folds 
cups00013: folds 
Dorex2007: folds 
Uncalled bet ($0.03) returned to aruconi
aruconi collected $0.04 from pot
aruconi: doesn't show hand 
*** SUMMARY ***
Total pot $0.04 | Rake $0 
Seat 4: iguiguana folded before Flop (didn't bet)
Seat 5: AGVsmarT folded before Flop (didn't bet)
Seat 6: ColinCave folded before Flop (didn't bet)
Seat 7: cups00013 (button) folded before Flop (didn't bet)
Seat 8: Dorex2007 (small blind) folded before Flop
Seat 9: aruconi (big blind) collected ($0.04)



PokerStars Hand #238762606738:  Hold'em No Limit ($0.02/$0.05 USD) - 2022/09/20 19:19:11 PT [2022/09/20 22:19:11 ET]
Table 'Lederle II' 9-max Seat #8 is the button
Seat 4: iguiguana ($4.39 in chips) 
Seat 5: AGVsmarT ($8.81 in chips) 
Seat 6: ColinCave ($4.31 in chips) 
Seat 7: cups00013 ($6.09 in chips) 
Seat 8: Dorex2007 ($8.41 in chips) 
iguiguana: posts small blind $0.02
AGVsmarT: posts big blind $0.05
*** HOLE CARDS ***
Dealt to Dorex2007 [Jh 2c]
ColinCave: folds 
simiek joins the table at seat #9 
cups00013: folds 
Dorex2007: folds 
iguiguana: calls $0.03
AGVsmarT: raises $0.10 to $0.15
iguiguana: calls $0.10
*** FLOP *** [9h 3h 6c]
iguiguana: checks 
AGVsmarT: bets $0.29
iguiguana: folds 
Uncalled bet ($0.29) returned to AGVsmarT
AGVsmarT collected $0.29 from pot
*** SUMMARY ***
Total pot $0.30 | Rake $0.01 
Board [9h 3h 6c]
Seat 4: iguiguana (small blind) folded on the Flop
Seat 5: AGVsmarT (big blind) collected ($0.29)
Seat 6: ColinCave folded before Flop (didn't bet)
Seat 7: cups00013 folded before Flop (didn't bet)
Seat 8: Dorex2007 (button) folded before Flop (didn't bet)



PokerStars Hand #238762613256:  Hold'em No Limit ($0.02/$0.05 USD) - 2022/09/20 19:19:47 PT [2022/09/20 22:19:47 ET]
Table 'Lederle II' 9-max Seat #4 is the button
Seat 4: iguiguana ($4.24 in chips) 
Seat 6: ColinCave ($4.31 in chips) 
Seat 7: cups00013 ($6.09 in chips) 
Seat 8: Dorex2007 ($8.41 in chips) 
Seat 9: simiek ($5 in chips) 
AGVsmarT has timed out
AGVsmarT: is sitting out 
ColinCave: posts small blind $0.02
cups00013: posts big blind $0.05
simiek: posts big blind $0.05
GrooshBadoosh: sits out 
*** HOLE CARDS ***
Dealt to Dorex2007 [5c 2d]
Dorex2007: folds 
simiek: checks 
iguiguana: calls $0.05
ColinCave: calls $0.03
cups00013: checks 
*** FLOP *** [Kd Qd 4d]
ColinCave: checks 
cups00013: checks 
simiek: checks 
iguiguana: checks 
*** TURN *** [Kd Qd 4d] [9s]
ColinCave: checks 
cups00013: checks 
simiek: checks 
iguiguana: checks 
*** RIVER *** [Kd Qd 4d 9s] [7d]
ColinCave: checks 
cups00013: checks 
simiek: checks 
iguiguana: checks 
*** SHOW DOWN ***
ColinCave: shows [6c 8d] (a flush, King high)
cups00013: mucks hand 
simiek: mucks hand 
iguiguana: mucks hand 
ColinCave collected $0.19 from pot
*** SUMMARY ***
Total pot $0.20 | Rake $0.01 
Board [Kd Qd 4d 9s 7d]
Seat 4: iguiguana (button) mucked [8c Tc]
Seat 6: ColinCave (small blind) showed [6c 8d] and won ($0.19) with a flush, King high
Seat 7: cups00013 (big blind) mucked [4h 2s]
Seat 8: Dorex2007 folded before Flop (didn't bet)
Seat 9: simiek mucked [Th 5s]



PokerStars Hand #238762636801:  Hold'em No Limit ($0.02/$0.05 USD) - 2022/09/20 19:21:59 PT [2022/09/20 22:21:59 ET]
Table 'Lederle II' 9-max Seat #6 is the button
Seat 4: iguiguana ($4.19 in chips) 
Seat 6: ColinCave ($4.45 in chips) 
Seat 7: cups00013 ($6.04 in chips) 
Seat 8: Dorex2007 ($8.41 in chips) 
Seat 9: simiek ($4.95 in chips) 
cups00013: posts small blind $0.02
Dorex2007: posts big blind $0.05
GrooshBadoosh: sits out 
AGVsmarT: sits out 
*** HOLE CARDS ***
Dealt to Dorex2007 [Jh Td]
simiek: folds 
iguiguana: folds 
ColinCave: folds 
cups00013: raises $0.10 to $0.15
Dorex2007: folds 
Uncalled bet ($0.10) returned to cups00013
cups00013 collected $0.10 from pot
cups00013: doesn't show hand 
*** SUMMARY ***
Total pot $0.10 | Rake $0 
Seat 4: iguiguana folded before Flop (didn't bet)
Seat 6: ColinCave (button) folded before Flop (didn't bet)
Seat 7: cups00013 (small blind) collected ($0.10)
Seat 8: Dorex2007 (big blind) folded before Flop
Seat 9: simiek folded before Flop (didn't bet)



PokerStars Hand #238762640609:  Hold'em No Limit ($0.02/$0.05 USD) - 2022/09/20 19:22:21 PT [2022/09/20 22:22:21 ET]
Table 'Lederle II' 9-max Seat #7 is the button
Seat 4: iguiguana ($4.19 in chips) 
Seat 6: ColinCave ($4.45 in chips) 
Seat 7: cups00013 ($6.09 in chips) 
Seat 8: Dorex2007 ($8.36 in chips) 
Seat 9: simiek ($4.95 in chips) 
Dorex2007: posts small blind $0.02
simiek: posts big blind $0.05
GrooshBadoosh: sits out 
AGVsmarT: sits out 
*** HOLE CARDS ***
Dealt to Dorex2007 [5d 4s]
iguiguana: folds 
ColinCave: raises $0.05 to $0.10
cups00013: folds 
Dorex2007: folds 
simiek: calls $0.05
*** FLOP *** [7d 4c Kd]
simiek: checks 
ColinCave: bets $0.10
simiek: folds 
Uncalled bet ($0.10) returned to ColinCave
ColinCave collected $0.21 from pot
*** SUMMARY ***
Total pot $0.22 | Rake $0.01 
Board [7d 4c Kd]
Seat 4: iguiguana folded before Flop (didn't bet)
Seat 6: ColinCave collected ($0.21)
Seat 7: cups00013 (button) folded before Flop (didn't bet)
Seat 8: Dorex2007 (small blind) folded before Flop
Seat 9: simiek (big blind) folded on the Flop



PokerStars Hand #238762647862:  Hold'em No Limit ($0.02/$0.05 USD) - 2022/09/20 19:23:01 PT [2022/09/20 22:23:01 ET]
Table 'Lederle II' 9-max Seat #8 is the button
Seat 2: GrooshBadoosh ($5 in chips) 
Seat 4: iguiguana ($4.19 in chips) 
Seat 6: ColinCave ($4.56 in chips) 
Seat 7: cups00013 ($6.09 in chips) 
Seat 8: Dorex2007 ($8.34 in chips) 
Seat 9: simiek ($4.85 in chips) 
simiek: posts small blind $0.02
GrooshBadoosh: posts big blind $0.05
AGVsmarT: sits out 
*** HOLE CARDS ***
Dealt to Dorex2007 [7d Jh]
iguiguana: folds 
FACCHETADE$ is disconnected 
ColinCave: folds 
cups00013: raises $0.12 to $0.17
Dorex2007: folds 
simiek: folds 
GrooshBadoosh: folds 
Uncalled bet ($0.12) returned to cups00013
cups00013 collected $0.12 from pot
cups00013: doesn't show hand 
*** SUMMARY ***
Total pot $0.12 | Rake $0 
Seat 2: GrooshBadoosh (big blind) folded before Flop
Seat 4: iguiguana folded before Flop (didn't bet)
Seat 6: ColinCave folded before Flop (didn't bet)
Seat 7: cups00013 collected ($0.12)
Seat 8: Dorex2007 (button) folded before Flop (didn't bet)
Seat 9: simiek (small blind) folded before Flop



PokerStars Hand #238762651537:  Hold'em No Limit ($0.02/$0.05 USD) - 2022/09/20 19:23:22 PT [2022/09/20 22:23:22 ET]
Table 'Lederle II' 9-max Seat #9 is the button
Seat 2: GrooshBadoosh ($4.95 in chips) 
Seat 4: iguiguana ($4.19 in chips) 
Seat 6: ColinCave ($4.56 in chips) 
Seat 7: cups00013 ($6.16 in chips) 
Seat 8: Dorex2007 ($8.34 in chips) 
Seat 9: simiek ($4.83 in chips) 
GrooshBadoosh: posts small blind $0.02
iguiguana: posts big blind $0.05
AGVsmarT: sits out 
*** HOLE CARDS ***
Dealt to Dorex2007 [3d 6c]
ColinCave has timed out
ColinCave: folds 
cups00013: folds 
Dorex2007: folds 
simiek: calls $0.05
GrooshBadoosh: folds 
iguiguana: checks 
*** FLOP *** [Th 5d Kd]
iguiguana: checks 
simiek: bets $0.05
iguiguana: folds 
Uncalled bet ($0.05) returned to simiek
simiek collected $0.12 from pot
simiek: doesn't show hand 
*** SUMMARY ***
Total pot $0.12 | Rake $0 
Board [Th 5d Kd]
Seat 2: GrooshBadoosh (small blind) folded before Flop
Seat 4: iguiguana (big blind) folded on the Flop
Seat 6: ColinCave folded before Flop (didn't bet)
Seat 7: cups00013 folded before Flop (didn't bet)
Seat 8: Dorex2007 folded before Flop (didn't bet)
Seat 9: simiek (button) collected ($0.12)



PokerStars Hand #238762657305:  Hold'em No Limit ($0.02/$0.05 USD) - 2022/09/20 19:23:54 PT [2022/09/20 22:23:54 ET]
Table 'Lederle II' 9-max Seat #2 is the button
Seat 2: GrooshBadoosh ($4.93 in chips) 
Seat 4: iguiguana ($4.14 in chips) 
Seat 5: AGVsmarT ($8.95 in chips) 
Seat 6: ColinCave ($4.56 in chips) 
Seat 7: cups00013 ($6.16 in chips) 
Seat 8: Dorex2007 ($8.34 in chips) 
Seat 9: simiek ($4.90 in chips) 
iguiguana: posts small blind $0.02
AGVsmarT: posts big blind $0.05
*** HOLE CARDS ***
Dealt to Dorex2007 [7s Ks]
ColinCave: folds 
cups00013: folds 
Dorex2007: folds 
simiek: folds 
GrooshBadoosh: folds 
iguiguana: raises $0.05 to $0.10
AGVsmarT: folds 
Uncalled bet ($0.05) returned to iguiguana
iguiguana collected $0.10 from pot
*** SUMMARY ***
Total pot $0.10 | Rake $0 
Seat 2: GrooshBadoosh (button) folded before Flop (didn't bet)
Seat 4: iguiguana (small blind) collected ($0.10)
Seat 5: AGVsmarT (big blind) folded before Flop
Seat 6: ColinCave folded before Flop (didn't bet)
Seat 7: cups00013 folded before Flop (didn't bet)
Seat 8: Dorex2007 folded before Flop (didn't bet)
Seat 9: simiek folded before Flop (didn't bet)



PokerStars Hand #238762661450:  Hold'em No Limit ($0.02/$0.05 USD) - 2022/09/20 19:24:18 PT [2022/09/20 22:24:18 ET]
Table 'Lederle II' 9-max Seat #4 is the button
Seat 2: GrooshBadoosh ($4.93 in chips) 
Seat 4: iguiguana ($4.19 in chips) 
Seat 5: AGVsmarT ($8.90 in chips) 
Seat 6: ColinCave ($4.56 in chips) 
Seat 7: cups00013 ($6.16 in chips) 
Seat 8: Dorex2007 ($8.34 in chips) 
Seat 9: simiek ($4.90 in chips) 
AGVsmarT: posts small blind $0.02
ColinCave: posts big blind $0.05
*** HOLE CARDS ***
Dealt to Dorex2007 [Qh Qd]
cups00013: folds 
Dorex2007: raises $0.20 to $0.25
simiek: folds 
GrooshBadoosh: folds 
iguiguana: folds 
AGVsmarT: folds 
ColinCave: folds 
Uncalled bet ($0.20) returned to Dorex2007
AGVsmarT leaves the table
Dorex2007 collected $0.12 from pot
Dorex2007: doesn't show hand 
*** SUMMARY ***
Total pot $0.12 | Rake $0 
Seat 2: GrooshBadoosh folded before Flop (didn't bet)
Seat 4: iguiguana (button) folded before Flop (didn't bet)
Seat 5: AGVsmarT (small blind) folded before Flop
Seat 6: ColinCave (big blind) folded before Flop
Seat 7: cups00013 folded before Flop (didn't bet)
Seat 8: Dorex2007 collected ($0.12)
Seat 9: simiek folded before Flop (didn't bet)



PokerStars Hand #238762665205:  Hold'em No Limit ($0.02/$0.05 USD) - 2022/09/20 19:24:40 PT [2022/09/20 22:24:40 ET]
Table 'Lederle II' 9-max Seat #6 is the button
Seat 2: GrooshBadoosh ($4.93 in chips) 
Seat 4: iguiguana ($4.19 in chips) 
Seat 6: ColinCave ($4.51 in chips) 
Seat 7: cups00013 ($6.16 in chips) 
Seat 8: Dorex2007 ($8.41 in chips) 
Seat 9: simiek ($4.90 in chips) 
cups00013: posts small blind $0.02
Dorex2007: posts big blind $0.05
*** HOLE CARDS ***
Dealt to Dorex2007 [4c 7c]
simiek: folds 
GrooshBadoosh: raises $0.05 to $0.10
iguiguana: folds 
ColinCave: calls $0.10
cups00013: folds 
Dorex2007: folds 
*** FLOP *** [9s 5s Ts]
GrooshBadoosh: checks 
ColinCave: bets $0.13
GrooshBadoosh: calls $0.13
*** TURN *** [9s 5s Ts] [Qc]
GrooshBadoosh: checks 
ColinCave: checks 
*** RIVER *** [9s 5s Ts Qc] [As]
GrooshBadoosh: checks 
ColinCave: checks 
*** SHOW DOWN ***
GrooshBadoosh: shows [8c 9c] (a pair of Nines)
ColinCave: shows [8s 7d] (a flush, Ace high)
ColinCave collected $0.51 from pot
*** SUMMARY ***
Total pot $0.53 | Rake $0.02 
Board [9s 5s Ts Qc As]
Seat 2: GrooshBadoosh showed [8c 9c] and lost with a pair of Nines
Seat 4: iguiguana folded before Flop (didn't bet)
Seat 6: ColinCave (button) showed [8s 7d] and won ($0.51) with a flush, Ace high
Seat 7: cups00013 (small blind) folded before Flop
Seat 8: Dorex2007 (big blind) folded before Flop
Seat 9: simiek folded before Flop (didn't bet)



PokerStars Hand #238762677121:  Hold'em No Limit ($0.02/$0.05 USD) - 2022/09/20 19:25:48 PT [2022/09/20 22:25:48 ET]
Table 'Lederle II' 9-max Seat #7 is the button
Seat 2: GrooshBadoosh ($4.70 in chips) 
Seat 4: iguiguana ($4.19 in chips) 
Seat 6: ColinCave ($4.79 in chips) 
Seat 7: cups00013 ($6.14 in chips) 
Seat 8: Dorex2007 ($8.36 in chips) 
Seat 9: simiek ($4.90 in chips) 
Dorex2007: posts small blind $0.02
simiek: posts big blind $0.05
*** HOLE CARDS ***
Dealt to Dorex2007 [8d 3h]
GrooshBadoosh: folds 
iguiguana: folds 
ColinCave: folds 
cups00013: raises $0.10 to $0.15
Dorex2007: folds 
simiek: folds 
Uncalled bet ($0.10) returned to cups00013
cups00013 collected $0.12 from pot
cups00013: doesn't show hand 
*** SUMMARY ***
Total pot $0.12 | Rake $0 
Seat 2: GrooshBadoosh folded before Flop (didn't bet)
Seat 4: iguiguana folded before Flop (didn't bet)
Seat 6: ColinCave folded before Flop (didn't bet)
Seat 7: cups00013 (button) collected ($0.12)
Seat 8: Dorex2007 (small blind) folded before Flop
Seat 9: simiek (big blind) folded before Flop



PokerStars Hand #238762679159:  Hold'em No Limit ($0.02/$0.05 USD) - 2022/09/20 19:26:00 PT [2022/09/20 22:26:00 ET]
Table 'Lederle II' 9-max Seat #8 is the button
Seat 2: GrooshBadoosh ($4.70 in chips) 
Seat 4: iguiguana ($4.19 in chips) 
Seat 6: ColinCave ($4.79 in chips) 
Seat 7: cups00013 ($6.21 in chips) 
Seat 8: Dorex2007 ($8.34 in chips) 
Seat 9: simiek ($4.85 in chips) 
simiek: posts small blind $0.02
GrooshBadoosh: posts big blind $0.05
*** HOLE CARDS ***
Dealt to Dorex2007 [4d Jc]
iguiguana: folds 
ColinCave: folds 
cups00013: folds 
Dorex2007: folds 
simiek: calls $0.03
GrooshBadoosh: checks 
*** FLOP *** [Td 3h 2s]
simiek: checks 
GrooshBadoosh: checks 
*** TURN *** [Td 3h 2s] [2h]
simiek: checks 
GrooshBadoosh: bets $0.10
simiek: folds 
Uncalled bet ($0.10) returned to GrooshBadoosh
GrooshBadoosh collected $0.10 from pot
GrooshBadoosh: doesn't show hand 
*** SUMMARY ***
Total pot $0.10 | Rake $0 
Board [Td 3h 2s 2h]
Seat 2: GrooshBadoosh (big blind) collected ($0.10)
Seat 4: iguiguana folded before Flop (didn't bet)
Seat 6: ColinCave folded before Flop (didn't bet)
Seat 7: cups00013 folded before Flop (didn't bet)
Seat 8: Dorex2007 (button) folded before Flop (didn't bet)
Seat 9: simiek (small blind) folded on the Turn



PokerStars Hand #238762685745:  Hold'em No Limit ($0.02/$0.05 USD) - 2022/09/20 19:26:37 PT [2022/09/20 22:26:37 ET]
Table 'Lederle II' 9-max Seat #9 is the button
Seat 2: GrooshBadoosh ($4.75 in chips) 
Seat 4: iguiguana ($4.19 in chips) 
Seat 6: ColinCave ($4.79 in chips) 
Seat 7: cups00013 ($6.21 in chips) 
Seat 8: Dorex2007 ($8.34 in chips) 
Seat 9: simiek ($4.80 in chips) 
GrooshBadoosh: posts small blind $0.02
iguiguana: posts big blind $0.05
*** HOLE CARDS ***
Dealt to Dorex2007 [9d 4s]
ColinCave: calls $0.05
cups00013: folds 
Dorex2007: folds 
simiek: calls $0.05
GrooshBadoosh: folds 
iguiguana: checks 
*** FLOP *** [Jh 8h Qc]
iguiguana: checks 
ColinCave: checks 
simiek: bets $0.05
iguiguana: folds 
ColinCave: calls $0.05
*** TURN *** [Jh 8h Qc] [Tc]
ColinCave: checks 
simiek: bets $0.15
ColinCave: folds 
Uncalled bet ($0.15) returned to simiek
simiek collected $0.26 from pot
FACCHETADE$ leaves the table
*** SUMMARY ***
Total pot $0.27 | Rake $0.01 
Board [Jh 8h Qc Tc]
Seat 2: GrooshBadoosh (small blind) folded before Flop
Seat 4: iguiguana (big blind) folded on the Flop
Seat 6: ColinCave folded on the Turn
Seat 7: cups00013 folded before Flop (didn't bet)
Seat 8: Dorex2007 folded before Flop (didn't bet)
Seat 9: simiek (button) collected ($0.26)



PokerStars Hand #238762696978:  Hold'em No Limit ($0.02/$0.05 USD) - 2022/09/20 19:27:42 PT [2022/09/20 22:27:42 ET]
Table 'Lederle II' 9-max Seat #2 is the button
Seat 2: GrooshBadoosh ($4.73 in chips) 
Seat 4: iguiguana ($4.14 in chips) 
Seat 6: ColinCave ($4.69 in chips) 
Seat 7: cups00013 ($6.21 in chips) 
Seat 8: Dorex2007 ($8.34 in chips) 
Seat 9: simiek ($4.96 in chips) 
iguiguana: posts small blind $0.02
ColinCave: posts big blind $0.05
*** HOLE CARDS ***
Dealt to Dorex2007 [8s 6h]
cups00013: folds 
Dorex2007: folds 
simiek: folds 
simiek leaves the table
GrooshBadoosh has timed out
GrooshBadoosh: folds 
iguiguana: calls $0.03
ColinCave: checks 
*** FLOP *** [9h Th 7d]
iguiguana: bets $0.05
ColinCave: calls $0.05
*** TURN *** [9h Th 7d] [9s]
iguiguana: checks 
ColinCave: bets $0.19
iguiguana: calls $0.19
*** RIVER *** [9h Th 7d 9s] [Ks]
AGVsmarT joins the table at seat #5 
iguiguana: bets $0.28
ColinCave: calls $0.28
*** SHOW DOWN ***
iguiguana: shows [Js Qc] (a straight, Nine to King)
ColinCave: mucks hand 
iguiguana collected $1.09 from pot
*** SUMMARY ***
Total pot $1.14 | Rake $0.05 
Board [9h Th 7d 9s Ks]
Seat 2: GrooshBadoosh (button) folded before Flop (didn't bet)
Seat 4: iguiguana (small blind) showed [Js Qc] and won ($1.09) with a straight, Nine to King
Seat 6: ColinCave (big blind) mucked [5d 9d]
Seat 7: cups00013 folded before Flop (didn't bet)
Seat 8: Dorex2007 folded before Flop (didn't bet)
Seat 9: simiek folded before Flop (didn't bet)



PokerStars Hand #238762705864:  Hold'em No Limit ($0.02/$0.05 USD) - 2022/09/20 19:28:33 PT [2022/09/20 22:28:33 ET]
Table 'Lederle II' 9-max Seat #4 is the button
Seat 2: GrooshBadoosh ($4.73 in chips) 
Seat 4: iguiguana ($4.66 in chips) 
Seat 6: ColinCave ($4.12 in chips) 
Seat 7: cups00013 ($6.21 in chips) 
Seat 8: Dorex2007 ($8.34 in chips) 
ColinCave: posts small blind $0.02
cups00013: posts big blind $0.05
*** HOLE CARDS ***
Dealt to Dorex2007 [Tc 7h]
Dorex2007: folds 
k4N12 leaves the table
GrooshBadoosh: folds 
iguiguana: folds 
ColinCave: calls $0.03
cups00013: checks 
*** FLOP *** [5h Th Kc]
ColinCave: checks 
cups00013: checks 
*** TURN *** [5h Th Kc] [6c]
ColinCave: checks 
cups00013: bets $0.05
ColinCave: calls $0.05
*** RIVER *** [5h Th Kc 6c] [7d]
AGVsmarT leaves the table
ColinCave: checks 
cups00013: bets $0.30
ColinCave: folds 
Uncalled bet ($0.30) returned to cups00013
cups00013 collected $0.19 from pot
cups00013: doesn't show hand 
*** SUMMARY ***
Total pot $0.20 | Rake $0.01 
Board [5h Th Kc 6c 7d]
Seat 2: GrooshBadoosh folded before Flop (didn't bet)
Seat 4: iguiguana (button) folded before Flop (didn't bet)
Seat 6: ColinCave (small blind) folded on the River
Seat 7: cups00013 (big blind) collected ($0.19)
Seat 8: Dorex2007 folded before Flop (didn't bet)



PokerStars Hand #238762713505:  Hold'em No Limit ($0.02/$0.05 USD) - 2022/09/20 19:29:17 PT [2022/09/20 22:29:17 ET]
Table 'Lederle II' 9-max Seat #6 is the button
Seat 2: GrooshBadoosh ($4.73 in chips) 
Seat 4: iguiguana ($4.66 in chips) 
Seat 6: ColinCave ($4.02 in chips) 
Seat 7: cups00013 ($6.30 in chips) 
Seat 8: Dorex2007 ($8.34 in chips) 
cups00013: posts small blind $0.02
Dorex2007: posts big blind $0.05
*** HOLE CARDS ***
Dealt to Dorex2007 [2h 7h]
AGVsmarT joins the table at seat #9 
GrooshBadoosh: folds 
iguiguana: folds 
ColinCave: folds 
cups00013: raises $0.10 to $0.15
Dorex2007: folds 
Uncalled bet ($0.10) returned to cups00013
cups00013 collected $0.10 from pot
cups00013: doesn't show hand 
*** SUMMARY ***
Total pot $0.10 | Rake $0 
Seat 2: GrooshBadoosh folded before Flop (didn't bet)
Seat 4: iguiguana folded before Flop (didn't bet)
Seat 6: ColinCave (button) folded before Flop (didn't bet)
Seat 7: cups00013 (small blind) collected ($0.10)
Seat 8: Dorex2007 (big blind) folded before Flop



PokerStars Hand #238762715579:  Hold'em No Limit ($0.02/$0.05 USD) - 2022/09/20 19:29:29 PT [2022/09/20 22:29:29 ET]
Table 'Lederle II' 9-max Seat #7 is the button
Seat 2: GrooshBadoosh ($4.73 in chips) 
Seat 4: iguiguana ($4.66 in chips) 
Seat 6: ColinCave ($4.02 in chips) 
Seat 7: cups00013 ($6.35 in chips) 
Seat 8: Dorex2007 ($8.29 in chips) 
Seat 9: AGVsmarT ($8.88 in chips) 
Dorex2007: posts small blind $0.02
AGVsmarT: posts big blind $0.05
*** HOLE CARDS ***
Dealt to Dorex2007 [9h 2d]
GrooshBadoosh: folds 
iguiguana: folds 
csoutto joins the table at seat #1 
ColinCave: folds 
cups00013: folds 
cups00013 leaves the table
Dorex2007: folds 
Uncalled bet ($0.03) returned to AGVsmarT
AGVsmarT collected $0.04 from pot
*** SUMMARY ***
Total pot $0.04 | Rake $0 
Seat 2: GrooshBadoosh folded before Flop (didn't bet)
Seat 4: iguiguana folded before Flop (didn't bet)
Seat 6: ColinCave folded before Flop (didn't bet)
Seat 7: cups00013 (button) folded before Flop (didn't bet)
Seat 8: Dorex2007 (small blind) folded before Flop
Seat 9: AGVsmarT (big blind) collected ($0.04)



PokerStars Hand #238762718565:  Hold'em No Limit ($0.02/$0.05 USD) - 2022/09/20 19:29:46 PT [2022/09/20 22:29:46 ET]
Table 'Lederle II' 9-max Seat #8 is the button
Seat 1: csoutto ($5 in chips) 
Seat 2: GrooshBadoosh ($4.73 in chips) 
Seat 4: iguiguana ($4.66 in chips) 
Seat 6: ColinCave ($4.02 in chips) 
Seat 8: Dorex2007 ($8.27 in chips) 
Seat 9: AGVsmarT ($8.90 in chips) 
AGVsmarT: posts small blind $0.02
csoutto: posts big blind $0.05
*** HOLE CARDS ***
Dealt to Dorex2007 [Qs 7h]
cups00013 joins the table at seat #3 
GrooshBadoosh: folds 
iguiguana: folds 
ColinCave: raises $0.07 to $0.12
Dorex2007: folds 
AGVsmarT: folds 
csoutto: folds 
Uncalled bet ($0.07) returned to ColinCave
ColinCave collected $0.12 from pot
*** SUMMARY ***
Total pot $0.12 | Rake $0 
Seat 1: csoutto (big blind) folded before Flop
Seat 2: GrooshBadoosh folded before Flop (didn't bet)
Seat 4: iguiguana folded before Flop (didn't bet)
Seat 6: ColinCave collected ($0.12)
Seat 8: Dorex2007 (button) folded before Flop (didn't bet)
Seat 9: AGVsmarT (small blind) folded before Flop



PokerStars Hand #238762722211:  Hold'em No Limit ($0.02/$0.05 USD) - 2022/09/20 19:30:08 PT [2022/09/20 22:30:08 ET]
Table 'Lederle II' 9-max Seat #9 is the button
Seat 1: csoutto ($4.95 in chips) 
Seat 2: GrooshBadoosh ($4.73 in chips) 
Seat 4: iguiguana ($4.66 in chips) 
Seat 6: ColinCave ($4.09 in chips) 
Seat 8: Dorex2007 ($8.27 in chips) 
Seat 9: AGVsmarT ($8.88 in chips) 
Mr.ShelbyBorba joins the table at seat #7 
csoutto: posts small blind $0.02
GrooshBadoosh: posts big blind $0.05
cups00013: sits out 
*** HOLE CARDS ***
Dealt to Dorex2007 [Th 6d]
iguiguana: folds 
ColinCave: folds 
Dorex2007: folds 
AGVsmarT: calls $0.05
csoutto: calls $0.03
GrooshBadoosh: checks 
*** FLOP *** [7h Ah 3d]
csoutto: checks 
GrooshBadoosh: checks 
AGVsmarT: checks 
*** TURN *** [7h Ah 3d] [2d]
csoutto: checks 
GrooshBadoosh: checks 
AGVsmarT: checks 
*** RIVER *** [7h Ah 3d 2d] [Tc]
csoutto: checks 
Mr.ShelbyBorba leaves the table
GrooshBadoosh: bets $0.10
AGVsmarT: folds 
csoutto: folds 
Uncalled bet ($0.10) returned to GrooshBadoosh
GrooshBadoosh collected $0.14 from pot
GrooshBadoosh: doesn't show hand 
*** SUMMARY ***
Total pot $0.15 | Rake $0.01 
Board [7h Ah 3d 2d Tc]
Seat 1: csoutto (small blind) folded on the River
Seat 2: GrooshBadoosh (big blind) collected ($0.14)
Seat 4: iguiguana folded before Flop (didn't bet)
Seat 6: ColinCave folded before Flop (didn't bet)
Seat 8: Dorex2007 folded before Flop (didn't bet)
Seat 9: AGVsmarT (button) folded on the River



PokerStars Hand #238762732867:  Hold'em No Limit ($0.02/$0.05 USD) - 2022/09/20 19:31:09 PT [2022/09/20 22:31:09 ET]
Table 'Lederle II' 9-max Seat #1 is the button
Seat 1: csoutto ($4.90 in chips) 
Seat 2: GrooshBadoosh ($4.82 in chips) 
Seat 3: cups00013 ($6.35 in chips) 
Seat 4: iguiguana ($4.66 in chips) 
Seat 6: ColinCave ($4.09 in chips) 
Seat 8: Dorex2007 ($8.27 in chips) 
Seat 9: AGVsmarT ($8.83 in chips) 
GrooshBadoosh: posts small blind $0.02
cups00013: posts big blind $0.05
*** HOLE CARDS ***
Dealt to Dorex2007 [7c Qs]
iguiguana: folds 
ColinCave: raises $0.07 to $0.12
Dorex2007: folds 
AGVsmarT: folds 
csoutto: folds 
ZMadMartigan joins the table at seat #5 
GrooshBadoosh: raises $0.23 to $0.35
cups00013: folds 
ColinCave: calls $0.23
*** FLOP *** [2h 9h 5d]
safebo joins the table at seat #7 
GrooshBadoosh: bets $0.25
ColinCave: raises $0.30 to $0.55
GrooshBadoosh: calls $0.30
*** TURN *** [2h 9h 5d] [Qc]
GrooshBadoosh: checks 
ColinCave: checks 
*** RIVER *** [2h 9h 5d Qc] [8s]
GrooshBadoosh: bets $0.90
ColinCave: folds 
Uncalled bet ($0.90) returned to GrooshBadoosh
GrooshBadoosh collected $1.77 from pot
GrooshBadoosh: doesn't show hand 
*** SUMMARY ***
Total pot $1.85 | Rake $0.08 
Board [2h 9h 5d Qc 8s]
Seat 1: csoutto (button) folded before Flop (didn't bet)
Seat 2: GrooshBadoosh (small blind) collected ($1.77)
Seat 3: cups00013 (big blind) folded before Flop
Seat 4: iguiguana folded before Flop (didn't bet)
Seat 6: ColinCave folded on the River
Seat 8: Dorex2007 folded before Flop (didn't bet)
Seat 9: AGVsmarT folded before Flop (didn't bet)



PokerStars Hand #238762745063:  Hold'em No Limit ($0.02/$0.05 USD) - 2022/09/20 19:32:19 PT [2022/09/20 22:32:19 ET]
Table 'Lederle II' 9-max Seat #2 is the button
Seat 1: csoutto ($4.90 in chips) 
Seat 2: GrooshBadoosh ($5.69 in chips) 
Seat 3: cups00013 ($6.30 in chips) 
Seat 4: iguiguana ($4.66 in chips) 
Seat 6: ColinCave ($3.19 in chips) 
Seat 8: Dorex2007 ($8.27 in chips) 
Seat 9: AGVsmarT ($8.83 in chips) 
cups00013: posts small blind $0.02
iguiguana: posts big blind $0.05
ZMadMartigan: sits out 
safebo: sits out 
*** HOLE CARDS ***
Dealt to Dorex2007 [8c 7s]
ColinCave: folds 
Dorex2007: folds 
AGVsmarT: folds 
csoutto: folds 
GrooshBadoosh: raises $0.05 to $0.10
cups00013: folds 
iguiguana: folds 
Uncalled bet ($0.05) returned to GrooshBadoosh
GrooshBadoosh collected $0.12 from pot
GrooshBadoosh: doesn't show hand 
*** SUMMARY ***
Total pot $0.12 | Rake $0 
Seat 1: csoutto folded before Flop (didn't bet)
Seat 2: GrooshBadoosh (button) collected ($0.12)
Seat 3: cups00013 (small blind) folded before Flop
Seat 4: iguiguana (big blind) folded before Flop
Seat 6: ColinCave folded before Flop (didn't bet)
Seat 8: Dorex2007 folded before Flop (didn't bet)
Seat 9: AGVsmarT folded before Flop (didn't bet)



PokerStars Hand #238762748961:  Hold'em No Limit ($0.02/$0.05 USD) - 2022/09/20 19:32:42 PT [2022/09/20 22:32:42 ET]
Table 'Lederle II' 9-max Seat #3 is the button
Seat 1: csoutto ($4.90 in chips) 
Seat 2: GrooshBadoosh ($5.76 in chips) 
Seat 3: cups00013 ($6.28 in chips) 
Seat 4: iguiguana ($4.61 in chips) 
Seat 5: ZMadMartigan ($5 in chips) 
Seat 6: ColinCave ($5 in chips) 
Seat 8: Dorex2007 ($8.27 in chips) 
Seat 9: AGVsmarT ($8.83 in chips) 
iguiguana: posts small blind $0.02
ZMadMartigan: posts big blind $0.05
safebo: sits out 
*** HOLE CARDS ***
Dealt to Dorex2007 [Jd 7d]
ColinCave: calls $0.05
Dorex2007: folds 
AGVsmarT: folds 
csoutto: calls $0.05
GrooshBadoosh: folds 
cups00013: folds 
iguiguana: raises $0.20 to $0.25
ZMadMartigan: folds 
ColinCave: calls $0.20
csoutto: folds 
*** FLOP *** [Ac Jh 8s]
iguiguana: bets $0.35
ColinCave: folds 
Uncalled bet ($0.35) returned to iguiguana
iguiguana collected $0.58 from pot
*** SUMMARY ***
Total pot $0.60 | Rake $0.02 
Board [Ac Jh 8s]
Seat 1: csoutto folded before Flop
Seat 2: GrooshBadoosh folded before Flop (didn't bet)
Seat 3: cups00013 (button) folded before Flop (didn't bet)
Seat 4: iguiguana (small blind) collected ($0.58)
Seat 5: ZMadMartigan (big blind) folded before Flop
Seat 6: ColinCave folded on the Flop
Seat 8: Dorex2007 folded before Flop (didn't bet)
Seat 9: AGVsmarT folded before Flop (didn't bet)



PokerStars Hand #238762756944:  Hold'em No Limit ($0.02/$0.05 USD) - 2022/09/20 19:33:27 PT [2022/09/20 22:33:27 ET]
Table 'Lederle II' 9-max Seat #4 is the button
Seat 1: csoutto ($4.85 in chips) 
Seat 2: GrooshBadoosh ($5.76 in chips) 
Seat 3: cups00013 ($6.28 in chips) 
Seat 4: iguiguana ($4.94 in chips) 
Seat 5: ZMadMartigan ($4.95 in chips) 
Seat 6: ColinCave ($4.75 in chips) 
Seat 8: Dorex2007 ($8.27 in chips) 
Seat 9: AGVsmarT ($8.83 in chips) 
ZMadMartigan: posts small blind $0.02
ColinCave: posts big blind $0.05
safebo: sits out 
*** HOLE CARDS ***
Dealt to Dorex2007 [5h Ac]
Dorex2007: folds 
AGVsmarT: folds 
csoutto: folds 
GrooshBadoosh: folds 
cups00013: folds 
iguiguana: folds 
ZMadMartigan: raises $0.10 to $0.15
ColinCave: folds 
Uncalled bet ($0.10) returned to ZMadMartigan
ZMadMartigan collected $0.10 from pot
*** SUMMARY ***
Total pot $0.10 | Rake $0 
Seat 1: csoutto folded before Flop (didn't bet)
Seat 2: GrooshBadoosh folded before Flop (didn't bet)
Seat 3: cups00013 folded before Flop (didn't bet)
Seat 4: iguiguana (button) folded before Flop (didn't bet)
Seat 5: ZMadMartigan (small blind) collected ($0.10)
Seat 6: ColinCave (big blind) folded before Flop
Seat 8: Dorex2007 folded before Flop (didn't bet)
Seat 9: AGVsmarT folded before Flop (didn't bet)



PokerStars Hand #238762761911:  Hold'em No Limit ($0.02/$0.05 USD) - 2022/09/20 19:33:56 PT [2022/09/20 22:33:56 ET]
Table 'Lederle II' 9-max Seat #5 is the button
Seat 1: csoutto ($4.85 in chips) 
Seat 2: GrooshBadoosh ($5.76 in chips) 
Seat 3: cups00013 ($6.28 in chips) 
Seat 4: iguiguana ($4.94 in chips) 
Seat 5: ZMadMartigan ($5 in chips) 
Seat 6: ColinCave ($4.70 in chips) 
Seat 7: safebo ($5 in chips) 
Seat 8: Dorex2007 ($8.27 in chips) 
Seat 9: AGVsmarT ($8.83 in chips) 
ColinCave: posts small blind $0.02
safebo: posts big blind $0.05
*** HOLE CARDS ***
Dealt to Dorex2007 [As 4h]
Dorex2007: folds 
AGVsmarT: folds 
csoutto: folds 
GrooshBadoosh: folds 
cups00013: folds 
iguiguana: folds 
ZMadMartigan: folds 
ColinCave: folds 
Uncalled bet ($0.03) returned to safebo
safebo collected $0.04 from pot
*** SUMMARY ***
Total pot $0.04 | Rake $0 
Seat 1: csoutto folded before Flop (didn't bet)
Seat 2: GrooshBadoosh folded before Flop (didn't bet)
Seat 3: cups00013 folded before Flop (didn't bet)
Seat 4: iguiguana folded before Flop (didn't bet)
Seat 5: ZMadMartigan (button) folded before Flop (didn't bet)
Seat 6: ColinCave (small blind) folded before Flop
Seat 7: safebo (big blind) collected ($0.04)
Seat 8: Dorex2007 folded before Flop (didn't bet)
Seat 9: AGVsmarT folded before Flop (didn't bet)



PokerStars Hand #238762765504:  Hold'em No Limit ($0.02/$0.05 USD) - 2022/09/20 19:34:17 PT [2022/09/20 22:34:17 ET]
Table 'Lederle II' 9-max Seat #6 is the button
Seat 1: csoutto ($4.85 in chips) 
Seat 2: GrooshBadoosh ($5.76 in chips) 
Seat 3: cups00013 ($6.28 in chips) 
Seat 4: iguiguana ($4.94 in chips) 
Seat 5: ZMadMartigan ($5 in chips) 
Seat 6: ColinCave ($4.68 in chips) 
Seat 7: safebo ($5.02 in chips) 
Seat 8: Dorex2007 ($8.27 in chips) 
Seat 9: AGVsmarT ($8.83 in chips) 
safebo: posts small blind $0.02
Dorex2007: posts big blind $0.05
*** HOLE CARDS ***
Dealt to Dorex2007 [2c Ah]
AGVsmarT: folds 
csoutto: folds 
GrooshBadoosh: folds 
cups00013: folds 
iguiguana: folds 
ZMadMartigan: raises $0.10 to $0.15
ColinCave: folds 
safebo: folds 
Dorex2007: folds 
Uncalled bet ($0.10) returned to ZMadMartigan
ZMadMartigan collected $0.12 from pot
*** SUMMARY ***
Total pot $0.12 | Rake $0 
Seat 1: csoutto folded before Flop (didn't bet)
Seat 2: GrooshBadoosh folded before Flop (didn't bet)
Seat 3: cups00013 folded before Flop (didn't bet)
Seat 4: iguiguana folded before Flop (didn't bet)
Seat 5: ZMadMartigan collected ($0.12)
Seat 6: ColinCave (button) folded before Flop (didn't bet)
Seat 7: safebo (small blind) folded before Flop
Seat 8: Dorex2007 (big blind) folded before Flop
Seat 9: AGVsmarT folded before Flop (didn't bet)



PokerStars Hand #238762768957:  Hold'em No Limit ($0.02/$0.05 USD) - 2022/09/20 19:34:37 PT [2022/09/20 22:34:37 ET]
Table 'Lederle II' 9-max Seat #7 is the button
Seat 1: csoutto ($4.85 in chips) 
Seat 2: GrooshBadoosh ($5.76 in chips) 
Seat 3: cups00013 ($6.28 in chips) 
Seat 4: iguiguana ($4.94 in chips) 
Seat 5: ZMadMartigan ($5.07 in chips) 
Seat 6: ColinCave ($4.68 in chips) 
Seat 7: safebo ($5 in chips) 
Seat 8: Dorex2007 ($8.22 in chips) 
Seat 9: AGVsmarT ($8.83 in chips) 
Dorex2007: posts small blind $0.02
AGVsmarT: posts big blind $0.05
*** HOLE CARDS ***
Dealt to Dorex2007 [Ah 9h]
csoutto: raises $0.05 to $0.10
GrooshBadoosh: raises $0.20 to $0.30
cups00013: folds 
iguiguana: folds 
ZMadMartigan: folds 
ColinCave: folds 
safebo: calls $0.30
Dorex2007: folds 
AGVsmarT: folds 
csoutto: calls $0.20
*** FLOP *** [8s 7h 5h]
csoutto: checks 
GrooshBadoosh: checks 
safebo: checks 
*** TURN *** [8s 7h 5h] [3h]
csoutto: bets $0.15
GrooshBadoosh: calls $0.15
safebo: calls $0.15
*** RIVER *** [8s 7h 5h 3h] [2d]
csoutto: bets $0.20
GrooshBadoosh: folds 
safebo: raises $0.60 to $0.80
csoutto: folds 
Uncalled bet ($0.60) returned to safebo
safebo collected $1.74 from pot
*** SUMMARY ***
Total pot $1.82 | Rake $0.08 
Board [8s 7h 5h 3h 2d]
Seat 1: csoutto folded on the River
Seat 2: GrooshBadoosh folded on the River
Seat 3: cups00013 folded before Flop (didn't bet)
Seat 4: iguiguana folded before Flop (didn't bet)
Seat 5: ZMadMartigan folded before Flop (didn't bet)
Seat 6: ColinCave folded before Flop (didn't bet)
Seat 7: safebo (button) collected ($1.74)
Seat 8: Dorex2007 (small blind) folded before Flop
Seat 9: AGVsmarT (big blind) folded before Flop



PokerStars Hand #238762792416:  Hold'em No Limit ($0.02/$0.05 USD) - 2022/09/20 19:36:53 PT [2022/09/20 22:36:53 ET]
Table 'Lederle II' 9-max Seat #8 is the button
Seat 1: csoutto ($4.20 in chips) 
Seat 2: GrooshBadoosh ($5.31 in chips) 
Seat 3: cups00013 ($6.28 in chips) 
Seat 4: iguiguana ($4.94 in chips) 
Seat 5: ZMadMartigan ($5.07 in chips) 
Seat 6: ColinCave ($4.68 in chips) 
Seat 7: safebo ($6.09 in chips) 
Seat 8: Dorex2007 ($8.20 in chips) 
Seat 9: AGVsmarT ($8.78 in chips) 
AGVsmarT: posts small blind $0.02
csoutto: posts big blind $0.05
*** HOLE CARDS ***
Dealt to Dorex2007 [Th 7s]
GrooshBadoosh: raises $0.10 to $0.15
cups00013: folds 
iguiguana: folds 
ZMadMartigan: folds 
ColinCave: folds 
safebo: folds 
Dorex2007: folds 
AGVsmarT: calls $0.13
csoutto: calls $0.10
*** FLOP *** [6d As Js]
AGVsmarT: checks 
csoutto: checks 
GrooshBadoosh: bets $0.25
AGVsmarT: calls $0.25
csoutto: folds 
*** TURN *** [6d As Js] [5d]
AGVsmarT: checks 
GrooshBadoosh: bets $0.70
AGVsmarT: folds 
Uncalled bet ($0.70) returned to GrooshBadoosh
GrooshBadoosh collected $0.91 from pot
GrooshBadoosh: doesn't show hand 
*** SUMMARY ***
Total pot $0.95 | Rake $0.04 
Board [6d As Js 5d]
Seat 1: csoutto (big blind) folded on the Flop
Seat 2: GrooshBadoosh collected ($0.91)
Seat 3: cups00013 folded before Flop (didn't bet)
Seat 4: iguiguana folded before Flop (didn't bet)
Seat 5: ZMadMartigan folded before Flop (didn't bet)
Seat 6: ColinCave folded before Flop (didn't bet)
Seat 7: safebo folded before Flop (didn't bet)
Seat 8: Dorex2007 (button) folded before Flop (didn't bet)
Seat 9: AGVsmarT (small blind) folded on the Turn



PokerStars Hand #238762804257:  Hold'em No Limit ($0.02/$0.05 USD) - 2022/09/20 19:38:02 PT [2022/09/20 22:38:02 ET]
Table 'Lederle II' 9-max Seat #9 is the button
Seat 1: csoutto ($4.05 in chips) 
Seat 2: GrooshBadoosh ($5.82 in chips) 
Seat 3: cups00013 ($6.28 in chips) 
Seat 4: iguiguana ($4.94 in chips) 
Seat 5: ZMadMartigan ($5.07 in chips) 
Seat 6: ColinCave ($4.68 in chips) 
Seat 7: safebo ($6.09 in chips) 
Seat 8: Dorex2007 ($8.20 in chips) 
Seat 9: AGVsmarT ($8.38 in chips) 
csoutto: posts small blind $0.02
GrooshBadoosh: posts big blind $0.05
*** HOLE CARDS ***
Dealt to Dorex2007 [Ad 5s]
cups00013: folds 
iguiguana: folds 
ZMadMartigan: folds 
ColinCave: folds 
safebo: folds 
Dorex2007: folds 
AGVsmarT: calls $0.05
csoutto: calls $0.03
iguiguana leaves the table
GrooshBadoosh: checks 
*** FLOP *** [3s 2h 8c]
csoutto: checks 
GrooshBadoosh: bets $0.10
AGVsmarT: calls $0.10
csoutto: folds 
*** TURN *** [3s 2h 8c] [2s]
GrooshBadoosh: bets $0.20
AGVsmarT: folds 
Uncalled bet ($0.20) returned to GrooshBadoosh
GrooshBadoosh collected $0.34 from pot
GrooshBadoosh: doesn't show hand 
*** SUMMARY ***
Total pot $0.35 | Rake $0.01 
Board [3s 2h 8c 2s]
Seat 1: csoutto (small blind) folded on the Flop
Seat 2: GrooshBadoosh (big blind) collected ($0.34)
Seat 3: cups00013 folded before Flop (didn't bet)
Seat 4: iguiguana folded before Flop (didn't bet)
Seat 5: ZMadMartigan folded before Flop (didn't bet)
Seat 6: ColinCave folded before Flop (didn't bet)
Seat 7: safebo folded before Flop (didn't bet)
Seat 8: Dorex2007 folded before Flop (didn't bet)
Seat 9: AGVsmarT (button) folded on the Turn



PokerStars Hand #238762815938:  Hold'em No Limit ($0.02/$0.05 USD) - 2022/09/20 19:39:11 PT [2022/09/20 22:39:11 ET]
Table 'Lederle II' 9-max Seat #1 is the button
Seat 1: csoutto ($4 in chips) 
Seat 2: GrooshBadoosh ($6.01 in chips) 
Seat 3: cups00013 ($6.28 in chips) 
Seat 5: ZMadMartigan ($5.07 in chips) 
Seat 6: ColinCave ($4.68 in chips) 
Seat 7: safebo ($6.09 in chips) 
Seat 8: Dorex2007 ($8.20 in chips) 
Seat 9: AGVsmarT ($8.23 in chips) 
GrooshBadoosh: posts small blind $0.02
cups00013: posts big blind $0.05
*** HOLE CARDS ***
Dealt to Dorex2007 [6s Ks]
ZMadMartigan: folds 
ColinCave: folds 
safebo: raises $0.20 to $0.25
Dorex2007: folds 
AGVsmarT: folds 
csoutto: calls $0.25
GrooshBadoosh: folds 
cups00013: folds 
*** FLOP *** [9s 4d 9h]
safebo: checks 
csoutto: checks 
*** TURN *** [9s 4d 9h] [4h]
safebo: bets $0.27
csoutto: folds 
Uncalled bet ($0.27) returned to safebo
safebo collected $0.55 from pot
*** SUMMARY ***
Total pot $0.57 | Rake $0.02 
Board [9s 4d 9h 4h]
Seat 1: csoutto (button) folded on the Turn
Seat 2: GrooshBadoosh (small blind) folded before Flop
Seat 3: cups00013 (big blind) folded before Flop
Seat 5: ZMadMartigan folded before Flop (didn't bet)
Seat 6: ColinCave folded before Flop (didn't bet)
Seat 7: safebo collected ($0.55)
Seat 8: Dorex2007 folded before Flop (didn't bet)
Seat 9: AGVsmarT folded before Flop (didn't bet)



PokerStars Hand #238762822969:  Hold'em No Limit ($0.02/$0.05 USD) - 2022/09/20 19:39:52 PT [2022/09/20 22:39:52 ET]
Table 'Lederle II' 9-max Seat #2 is the button
Seat 1: csoutto ($3.75 in chips) 
Seat 2: GrooshBadoosh ($5.99 in chips) 
Seat 3: cups00013 ($6.23 in chips) 
Seat 5: ZMadMartigan ($5.07 in chips) 
Seat 6: ColinCave ($4.68 in chips) 
Seat 7: safebo ($6.39 in chips) 
Seat 8: Dorex2007 ($8.20 in chips) 
Seat 9: AGVsmarT ($8.23 in chips) 
cups00013: posts small blind $0.02
ZMadMartigan: posts big blind $0.05
*** HOLE CARDS ***
Dealt to Dorex2007 [7c 6d]
ColinCave: folds 
safebo: folds 
Dorex2007: folds 
AGVsmarT: calls $0.05
csoutto: folds 
GrooshBadoosh: raises $0.10 to $0.15
cups00013: folds 
ZMadMartigan: folds 
AGVsmarT: folds 
Uncalled bet ($0.10) returned to GrooshBadoosh
GrooshBadoosh collected $0.17 from pot
GrooshBadoosh: doesn't show hand 
*** SUMMARY ***
Total pot $0.17 | Rake $0 
Seat 1: csoutto folded before Flop (didn't bet)
Seat 2: GrooshBadoosh (button) collected ($0.17)
Seat 3: cups00013 (small blind) folded before Flop
Seat 5: ZMadMartigan (big blind) folded before Flop
Seat 6: ColinCave folded before Flop (didn't bet)
Seat 7: safebo folded before Flop (didn't bet)
Seat 8: Dorex2007 folded before Flop (didn't bet)
Seat 9: AGVsmarT folded before Flop



PokerStars Hand #238762827203:  Hold'em No Limit ($0.02/$0.05 USD) - 2022/09/20 19:40:17 PT [2022/09/20 22:40:17 ET]
Table 'Lederle II' 9-max Seat #3 is the button
Seat 1: csoutto ($3.75 in chips) 
Seat 2: GrooshBadoosh ($6.11 in chips) 
Seat 3: cups00013 ($6.21 in chips) 
Seat 5: ZMadMartigan ($5.02 in chips) 
Seat 6: ColinCave ($4.68 in chips) 
Seat 7: safebo ($6.39 in chips) 
Seat 8: Dorex2007 ($8.20 in chips) 
Seat 9: AGVsmarT ($8.18 in chips) 
ZMadMartigan: posts small blind $0.02
ColinCave: posts big blind $0.05
*** HOLE CARDS ***
Dealt to Dorex2007 [3s 3c]
safebo: folds 
Dorex2007: folds 
AGVsmarT: folds 
csoutto: calls $0.05
GrooshBadoosh: raises $0.05 to $0.10
cups00013: folds 
ZMadMartigan: raises $0.20 to $0.30
ColinCave: folds 
csoutto: folds 
GrooshBadoosh: calls $0.20
*** FLOP *** [Qs 5s 6c]
ZMadMartigan: checks 
GrooshBadoosh: checks 
*** TURN *** [Qs 5s 6c] [Td]
ZMadMartigan: bets $0.25
GrooshBadoosh: calls $0.25
*** RIVER *** [Qs 5s 6c Td] [Jc]
ZMadMartigan: bets $0.55
GrooshBadoosh: calls $0.55
*** SHOW DOWN ***
ZMadMartigan: shows [Tc Th] (three of a kind, Tens)
GrooshBadoosh: mucks hand 
ZMadMartigan collected $2.20 from pot
*** SUMMARY ***
Total pot $2.30 | Rake $0.10 
Board [Qs 5s 6c Td Jc]
Seat 1: csoutto folded before Flop
Seat 2: GrooshBadoosh mucked [6h 6d]
Seat 3: cups00013 (button) folded before Flop (didn't bet)
Seat 5: ZMadMartigan (small blind) showed [Tc Th] and won ($2.20) with three of a kind, Tens
Seat 6: ColinCave (big blind) folded before Flop
Seat 7: safebo folded before Flop (didn't bet)
Seat 8: Dorex2007 folded before Flop (didn't bet)
Seat 9: AGVsmarT folded before Flop (didn't bet)



PokerStars Hand #238762840492:  Hold'em No Limit ($0.02/$0.05 USD) - 2022/09/20 19:41:36 PT [2022/09/20 22:41:36 ET]
Table 'Lederle II' 9-max Seat #5 is the button
Seat 1: csoutto ($3.70 in chips) 
Seat 2: GrooshBadoosh ($5.01 in chips) 
Seat 3: cups00013 ($6.21 in chips) 
Seat 5: ZMadMartigan ($6.12 in chips) 
Seat 6: ColinCave ($4.63 in chips) 
Seat 7: safebo ($6.39 in chips) 
Seat 8: Dorex2007 ($8.20 in chips) 
Seat 9: AGVsmarT ($8.18 in chips) 
ColinCave: posts small blind $0.02
safebo: posts big blind $0.05
*** HOLE CARDS ***
Dealt to Dorex2007 [Td 6h]
Dorex2007: folds 
AGVsmarT: folds 
csoutto: folds 
GrooshBadoosh: folds 
cups00013: folds 
ZMadMartigan: calls $0.05
ColinCave: calls $0.03
safebo: raises $0.15 to $0.20
ZMadMartigan: raises $0.60 to $0.80
ColinCave: folds 
safebo: calls $0.60
*** FLOP *** [9h 7s 3d]
safebo: checks 
simiek joins the table at seat #4 
ZMadMartigan: bets $2.30
safebo: folds 
Uncalled bet ($2.30) returned to ZMadMartigan
ZMadMartigan collected $1.58 from pot
*** SUMMARY ***
Total pot $1.65 | Rake $0.07 
Board [9h 7s 3d]
Seat 1: csoutto folded before Flop (didn't bet)
Seat 2: GrooshBadoosh folded before Flop (didn't bet)
Seat 3: cups00013 folded before Flop (didn't bet)
Seat 5: ZMadMartigan (button) collected ($1.58)
Seat 6: ColinCave (small blind) folded before Flop
Seat 7: safebo (big blind) folded on the Flop
Seat 8: Dorex2007 folded before Flop (didn't bet)
Seat 9: AGVsmarT folded before Flop (didn't bet)



PokerStars Hand #238762854544:  Hold'em No Limit ($0.02/$0.05 USD) - 2022/09/20 19:43:00 PT [2022/09/20 22:43:00 ET]
Table 'Lederle II' 9-max Seat #6 is the button
Seat 1: csoutto ($3.70 in chips) 
Seat 2: GrooshBadoosh ($5.01 in chips) 
Seat 3: cups00013 ($6.21 in chips) 
Seat 4: simiek ($4.96 in chips) 
Seat 5: ZMadMartigan ($6.90 in chips) 
Seat 6: ColinCave ($4.58 in chips) 
Seat 7: safebo ($5.59 in chips) 
Seat 8: Dorex2007 ($8.20 in chips) 
Seat 9: AGVsmarT ($8.18 in chips) 
safebo: posts small blind $0.02
Dorex2007: posts big blind $0.05
simiek: posts big blind $0.05
*** HOLE CARDS ***
Dealt to Dorex2007 [Qc 9h]
AGVsmarT: raises $0.17 to $0.22
csoutto: folds 
GrooshBadoosh: raises $4.79 to $5.01 and is all-in
cups00013: folds 
simiek: folds 
ZMadMartigan: folds 
ColinCave: folds 
safebo: folds 
Dorex2007: folds 
AGVsmarT: folds 
Uncalled bet ($4.79) returned to GrooshBadoosh
GrooshBadoosh collected $0.56 from pot
GrooshBadoosh: doesn't show hand 
*** SUMMARY ***
Total pot $0.56 | Rake $0 
Seat 1: csoutto folded before Flop (didn't bet)
Seat 2: GrooshBadoosh collected ($0.56)
Seat 3: cups00013 folded before Flop (didn't bet)
Seat 4: simiek folded before Flop (didn't bet)
Seat 5: ZMadMartigan folded before Flop (didn't bet)
Seat 6: ColinCave (button) folded before Flop (didn't bet)
Seat 7: safebo (small blind) folded before Flop
Seat 8: Dorex2007 (big blind) folded before Flop
Seat 9: AGVsmarT folded before Flop



PokerStars Hand #238762858238:  Hold'em No Limit ($0.02/$0.05 USD) - 2022/09/20 19:43:23 PT [2022/09/20 22:43:23 ET]
Table 'Lederle II' 9-max Seat #7 is the button
Seat 1: csoutto ($3.70 in chips) 
Seat 2: GrooshBadoosh ($5.35 in chips) 
Seat 3: cups00013 ($6.21 in chips) 
Seat 4: simiek ($4.91 in chips) 
Seat 5: ZMadMartigan ($6.90 in chips) 
Seat 6: ColinCave ($4.58 in chips) 
Seat 7: safebo ($5.57 in chips) 
Seat 8: Dorex2007 ($8.15 in chips) 
Seat 9: AGVsmarT ($7.96 in chips) 
Dorex2007: posts small blind $0.02
AGVsmarT: posts big blind $0.05
*** HOLE CARDS ***
Dealt to Dorex2007 [2d Ts]
csoutto: folds 
GrooshBadoosh: raises $0.05 to $0.10
cups00013: folds 
simiek: folds 
ZMadMartigan: folds 
ColinCave: folds 
safebo: raises $0.10 to $0.20
Dorex2007: folds 
AGVsmarT: calls $0.15
GrooshBadoosh: calls $0.10
*** FLOP *** [4c Td 5d]
AGVsmarT: checks 
GrooshBadoosh: bets $0.20
safebo: raises $0.30 to $0.50
AGVsmarT: folds 
GrooshBadoosh: calls $0.30
*** TURN *** [4c Td 5d] [7c]
GrooshBadoosh: checks 
safebo: bets $1.52
GrooshBadoosh: raises $3.13 to $4.65 and is all-in
safebo: calls $3.13
*** RIVER *** [4c Td 5d 7c] [5h]
*** SHOW DOWN ***
GrooshBadoosh: shows [Jd 9d] (a pair of Fives)
safebo: shows [Ah Ad] (two pair, Aces and Fives)
safebo collected $10.47 from pot
*** SUMMARY ***
Total pot $10.92 | Rake $0.45 
Board [4c Td 5d 7c 5h]
Seat 1: csoutto folded before Flop (didn't bet)
Seat 2: GrooshBadoosh showed [Jd 9d] and lost with a pair of Fives
Seat 3: cups00013 folded before Flop (didn't bet)
Seat 4: simiek folded before Flop (didn't bet)
Seat 5: ZMadMartigan folded before Flop (didn't bet)
Seat 6: ColinCave folded before Flop (didn't bet)
Seat 7: safebo (button) showed [Ah Ad] and won ($10.47) with two pair, Aces and Fives
Seat 8: Dorex2007 (small blind) folded before Flop
Seat 9: AGVsmarT (big blind) folded on the Flop



PokerStars Hand #238762872732:  Hold'em No Limit ($0.02/$0.05 USD) - 2022/09/20 19:44:51 PT [2022/09/20 22:44:51 ET]
Table 'Lederle II' 9-max Seat #8 is the button
Seat 1: csoutto ($3.70 in chips) 
Seat 3: cups00013 ($6.21 in chips) 
Seat 4: simiek ($4.91 in chips) 
Seat 5: ZMadMartigan ($6.90 in chips) 
Seat 6: ColinCave ($4.58 in chips) 
Seat 7: safebo ($10.69 in chips) 
Seat 8: Dorex2007 ($8.13 in chips) 
Seat 9: AGVsmarT ($7.76 in chips) 
AGVsmarT: posts small blind $0.02
csoutto: posts big blind $0.05
*** HOLE CARDS ***
Dealt to Dorex2007 [2c 6c]
GrooshBadoosh leaves the table
cups00013: folds 
simiek: folds 
ZMadMartigan: folds 
ColinCave: folds 
safebo: folds 
Dorex2007: folds 
AGVsmarT: calls $0.03
csoutto: raises $0.05 to $0.10
AGVsmarT: calls $0.05
*** FLOP *** [Td Qs 8h]
AGVsmarT: checks 
csoutto: bets $0.05
Almanza63 joins the table at seat #2 
AGVsmarT: calls $0.05
*** TURN *** [Td Qs 8h] [5d]
AGVsmarT: checks 
csoutto: bets $0.05
AGVsmarT: calls $0.05
*** RIVER *** [Td Qs 8h 5d] [Kh]
AGVsmarT: checks 
csoutto: bets $0.38
AGVsmarT: folds 
Uncalled bet ($0.38) returned to csoutto
csoutto collected $0.38 from pot
*** SUMMARY ***
Total pot $0.40 | Rake $0.02 
Board [Td Qs 8h 5d Kh]
Seat 1: csoutto (big blind) collected ($0.38)
Seat 3: cups00013 folded before Flop (didn't bet)
Seat 4: simiek folded before Flop (didn't bet)
Seat 5: ZMadMartigan folded before Flop (didn't bet)
Seat 6: ColinCave folded before Flop (didn't bet)
Seat 7: safebo folded before Flop (didn't bet)
Seat 8: Dorex2007 (button) folded before Flop (didn't bet)
Seat 9: AGVsmarT (small blind) folded on the River



PokerStars Hand #238762881301:  Hold'em No Limit ($0.02/$0.05 USD) - 2022/09/20 19:45:43 PT [2022/09/20 22:45:43 ET]
Table 'Lederle II' 9-max Seat #9 is the button
Seat 1: csoutto ($3.88 in chips) 
Seat 2: Almanza63 ($5 in chips) 
Seat 3: cups00013 ($6.21 in chips) 
Seat 4: simiek ($4.91 in chips) 
Seat 5: ZMadMartigan ($6.90 in chips) 
Seat 6: ColinCave ($4.58 in chips) 
Seat 7: safebo ($10.69 in chips) 
Seat 8: Dorex2007 ($8.13 in chips) 
Seat 9: AGVsmarT ($7.56 in chips) 
csoutto: posts small blind $0.02
Almanza63: posts big blind $0.05
*** HOLE CARDS ***
Dealt to Dorex2007 [7d Js]
cups00013: folds 
simiek: folds 
ZMadMartigan: folds 
ColinCave: folds 
safebo has timed out
safebo: folds 
Dorex2007: folds 
AGVsmarT: folds 
csoutto: calls $0.03
Almanza63: raises $0.10 to $0.15
csoutto: calls $0.10
*** FLOP *** [9d 7s 3d]
csoutto: checks 
Almanza63: bets $0.19
csoutto: calls $0.19
*** TURN *** [9d 7s 3d] [3c]
csoutto: checks 
Almanza63: bets $0.46
csoutto: calls $0.46
*** RIVER *** [9d 7s 3d 3c] [Qs]
csoutto: checks 
Almanza63: checks 
*** SHOW DOWN ***
csoutto: shows [8d 8c] (two pair, Eights and Threes)
Almanza63: mucks hand 
csoutto collected $1.53 from pot
*** SUMMARY ***
Total pot $1.60 | Rake $0.07 
Board [9d 7s 3d 3c Qs]
Seat 1: csoutto (small blind) showed [8d 8c] and won ($1.53) with two pair, Eights and Threes
Seat 2: Almanza63 (big blind) mucked [Ac Kh]
Seat 3: cups00013 folded before Flop (didn't bet)
Seat 4: simiek folded before Flop (didn't bet)
Seat 5: ZMadMartigan folded before Flop (didn't bet)
Seat 6: ColinCave folded before Flop (didn't bet)
Seat 7: safebo folded before Flop (didn't bet)
Seat 8: Dorex2007 folded before Flop (didn't bet)
Seat 9: AGVsmarT (button) folded before Flop (didn't bet)



PokerStars Hand #238762892917:  Hold'em No Limit ($0.02/$0.05 USD) - 2022/09/20 19:46:53 PT [2022/09/20 22:46:53 ET]
Table 'Lederle II' 9-max Seat #1 is the button
Seat 1: csoutto ($4.61 in chips) 
Seat 2: Almanza63 ($4.20 in chips) 
Seat 3: cups00013 ($6.21 in chips) 
Seat 4: simiek ($4.91 in chips) 
Seat 5: ZMadMartigan ($6.90 in chips) 
Seat 6: ColinCave ($4.58 in chips) 
Seat 7: safebo ($10.69 in chips) 
Seat 8: Dorex2007 ($8.13 in chips) 
Seat 9: AGVsmarT ($7.56 in chips) 
Almanza63: posts small blind $0.02
cups00013: posts big blind $0.05
*** HOLE CARDS ***
Dealt to Dorex2007 [6h Td]
simiek: folds 
ZMadMartigan: folds 
ColinCave: folds 
safebo: raises $0.10 to $0.15
Dorex2007: folds 
AGVsmarT: calls $0.15
csoutto: calls $0.15
Almanza63: folds 
cups00013: folds 
*** FLOP *** [7c 7s 6d]
safebo: bets $0.25
AGVsmarT: calls $0.25
csoutto: calls $0.25
*** TURN *** [7c 7s 6d] [2c]
safebo: checks 
AGVsmarT: bets $0.25
csoutto: calls $0.25
safebo: calls $0.25
*** RIVER *** [7c 7s 6d 2c] [2h]
safebo: checks 
AGVsmarT: bets $0.25
csoutto: raises $1.22 to $1.47
safebo: folds 
AGVsmarT: folds 
Uncalled bet ($1.22) returned to csoutto
csoutto collected $2.42 from pot
*** SUMMARY ***
Total pot $2.52 | Rake $0.10 
Board [7c 7s 6d 2c 2h]
Seat 1: csoutto (button) collected ($2.42)
Seat 2: Almanza63 (small blind) folded before Flop
Seat 3: cups00013 (big blind) folded before Flop
Seat 4: simiek folded before Flop (didn't bet)
Seat 5: ZMadMartigan folded before Flop (didn't bet)
Seat 6: ColinCave folded before Flop (didn't bet)
Seat 7: safebo folded on the River
Seat 8: Dorex2007 folded before Flop (didn't bet)
Seat 9: AGVsmarT folded on the River



PokerStars Hand #238762906742:  Hold'em No Limit ($0.02/$0.05 USD) - 2022/09/20 19:48:17 PT [2022/09/20 22:48:17 ET]
Table 'Lederle II' 9-max Seat #2 is the button
Seat 1: csoutto ($6.13 in chips) 
Seat 2: Almanza63 ($5 in chips) 
Seat 3: cups00013 ($6.16 in chips) 
Seat 4: simiek ($4.91 in chips) 
Seat 5: ZMadMartigan ($6.90 in chips) 
Seat 6: ColinCave ($4.58 in chips) 
Seat 7: safebo ($10.04 in chips) 
Seat 8: Dorex2007 ($8.13 in chips) 
Seat 9: AGVsmarT ($6.66 in chips) 
cups00013: posts small blind $0.02
simiek: posts big blind $0.05
*** HOLE CARDS ***
Dealt to Dorex2007 [2c 5c]
ZMadMartigan: folds 
ColinCave: folds 
safebo: folds 
Dorex2007: folds 
AGVsmarT: raises $0.12 to $0.17
csoutto: folds 
Almanza63: calls $0.17
cups00013: raises $0.56 to $0.73
simiek: folds 
AGVsmarT: calls $0.56
Almanza63: folds 
*** FLOP *** [Ks Jd 5h]
cups00013: bets $1.61
AGVsmarT: raises $1.61 to $3.22
cups00013: raises $1.61 to $4.83
AGVsmarT: raises $1.10 to $5.93 and is all-in
cups00013: calls $0.60 and is all-in
Uncalled bet ($0.50) returned to AGVsmarT
*** TURN *** [Ks Jd 5h] [6d]
*** RIVER *** [Ks Jd 5h 6d] [5d]
*** SHOW DOWN ***
cups00013: shows [Ac Kd] (two pair, Kings and Fives)
AGVsmarT: shows [Kc Kh] (a full house, Kings full of Fives)
AGVsmarT collected $12.02 from pot
*** SUMMARY ***
Total pot $12.54 | Rake $0.52 
Board [Ks Jd 5h 6d 5d]
Seat 1: csoutto folded before Flop (didn't bet)
Seat 2: Almanza63 (button) folded before Flop
Seat 3: cups00013 (small blind) showed [Ac Kd] and lost with two pair, Kings and Fives
Seat 4: simiek (big blind) folded before Flop
Seat 5: ZMadMartigan folded before Flop (didn't bet)
Seat 6: ColinCave folded before Flop (didn't bet)
Seat 7: safebo folded before Flop (didn't bet)
Seat 8: Dorex2007 folded before Flop (didn't bet)
Seat 9: AGVsmarT showed [Kc Kh] and won ($12.02) with a full house, Kings full of Fives



PokerStars Hand #238762917664:  Hold'em No Limit ($0.02/$0.05 USD) - 2022/09/20 19:49:24 PT [2022/09/20 22:49:24 ET]
Table 'Lederle II' 9-max Seat #3 is the button
Seat 1: csoutto ($6.13 in chips) 
Seat 2: Almanza63 ($4.83 in chips) 
Seat 3: cups00013 ($5 in chips) 
Seat 4: simiek ($4.86 in chips) 
Seat 5: ZMadMartigan ($6.90 in chips) 
Seat 6: ColinCave ($4.58 in chips) 
Seat 7: safebo ($10.04 in chips) 
Seat 8: Dorex2007 ($8.13 in chips) 
Seat 9: AGVsmarT ($12.52 in chips) 
simiek: posts small blind $0.02
ZMadMartigan: posts big blind $0.05
*** HOLE CARDS ***
Dealt to Dorex2007 [9s 3c]
ColinCave: folds 
safebo: folds 
Dorex2007: folds 
AGVsmarT: calls $0.05
csoutto: folds 
Almanza63: folds 
cups00013: folds 
cups00013 leaves the table
simiek: folds 
ZMadMartigan: checks 
*** FLOP *** [Qd 9c Ac]
ZMadMartigan: checks 
AGVsmarT: bets $0.05
ZMadMartigan: folds 
Uncalled bet ($0.05) returned to AGVsmarT
AGVsmarT collected $0.12 from pot
*** SUMMARY ***
Total pot $0.12 | Rake $0 
Board [Qd 9c Ac]
Seat 1: csoutto folded before Flop (didn't bet)
Seat 2: Almanza63 folded before Flop (didn't bet)
Seat 3: cups00013 (button) folded before Flop (didn't bet)
Seat 4: simiek (small blind) folded before Flop
Seat 5: ZMadMartigan (big blind) folded on the Flop
Seat 6: ColinCave folded before Flop (didn't bet)
Seat 7: safebo folded before Flop (didn't bet)
Seat 8: Dorex2007 folded before Flop (didn't bet)
Seat 9: AGVsmarT collected ($0.12)



PokerStars Hand #238762922585:  Hold'em No Limit ($0.02/$0.05 USD) - 2022/09/20 19:49:54 PT [2022/09/20 22:49:54 ET]
Table 'Lederle II' 9-max Seat #4 is the button
Seat 1: csoutto ($6.13 in chips) 
Seat 2: Almanza63 ($4.83 in chips) 
Seat 4: simiek ($4.84 in chips) 
Seat 5: ZMadMartigan ($6.85 in chips) 
Seat 6: ColinCave ($4.58 in chips) 
Seat 7: safebo ($10.04 in chips) 
Seat 8: Dorex2007 ($8.13 in chips) 
Seat 9: AGVsmarT ($12.59 in chips) 
ZMadMartigan: posts small blind $0.02
ColinCave: posts big blind $0.05
*** HOLE CARDS ***
Dealt to Dorex2007 [3d 5d]
safebo: folds 
Dorex2007: folds 
AGVsmarT: raises $0.12 to $0.17
csoutto: calls $0.17
Almanza63: folds 
simiek: folds 
ZMadMartigan: folds 
alvaro20172 joins the table at seat #3 
ColinCave: folds 
*** FLOP *** [Qc 2s As]
AGVsmarT: bets $0.19
csoutto: calls $0.19
*** TURN *** [Qc 2s As] [3h]
AGVsmarT: bets $0.10
csoutto: calls $0.10
*** RIVER *** [Qc 2s As 3h] [Th]
AGVsmarT: bets $0.10
csoutto: raises $0.58 to $0.68
AGVsmarT: folds 
Uncalled bet ($0.58) returned to csoutto
csoutto collected $1.14 from pot
*** SUMMARY ***
Total pot $1.19 | Rake $0.05 
Board [Qc 2s As 3h Th]
Seat 1: csoutto collected ($1.14)
Seat 2: Almanza63 folded before Flop (didn't bet)
Seat 4: simiek (button) folded before Flop (didn't bet)
Seat 5: ZMadMartigan (small blind) folded before Flop
Seat 6: ColinCave (big blind) folded before Flop
Seat 7: safebo folded before Flop (didn't bet)
Seat 8: Dorex2007 folded before Flop (didn't bet)
Seat 9: AGVsmarT folded on the River



PokerStars Hand #238762928478:  Hold'em No Limit ($0.02/$0.05 USD) - 2022/09/20 19:50:31 PT [2022/09/20 22:50:31 ET]
Table 'Lederle II' 9-max Seat #5 is the button
Seat 1: csoutto ($6.71 in chips) 
Seat 2: Almanza63 ($4.83 in chips) 
Seat 4: simiek ($4.84 in chips) 
Seat 5: ZMadMartigan ($6.83 in chips) 
Seat 6: ColinCave ($4.53 in chips) 
Seat 7: safebo ($10.04 in chips) 
Seat 8: Dorex2007 ($8.13 in chips) 
Seat 9: AGVsmarT ($12.03 in chips) 
ColinCave: posts small blind $0.02
safebo: posts big blind $0.05
alvaro20172 has timed out
alvaro20172: is sitting out 
*** HOLE CARDS ***
Dealt to Dorex2007 [2c 4s]
Dorex2007: folds 
AGVsmarT: folds 
csoutto: calls $0.05
Almanza63: folds 
simiek: folds 
ZMadMartigan: folds 
ColinCave: calls $0.03
safebo: checks 
*** FLOP *** [9d Jc Td]
ColinCave: checks 
safebo: bets $0.12
csoutto: folds 
ColinCave: calls $0.12
*** TURN *** [9d Jc Td] [8c]
ColinCave: checks 
safebo: checks 
*** RIVER *** [9d Jc Td 8c] [8h]
ColinCave: checks 
safebo: checks 
*** SHOW DOWN ***
ColinCave: shows [Tc 4c] (two pair, Tens and Eights)
safebo: shows [2h Js] (two pair, Jacks and Eights)
safebo collected $0.37 from pot
*** SUMMARY ***
Total pot $0.39 | Rake $0.02 
Board [9d Jc Td 8c 8h]
Seat 1: csoutto folded on the Flop
Seat 2: Almanza63 folded before Flop (didn't bet)
Seat 4: simiek folded before Flop (didn't bet)
Seat 5: ZMadMartigan (button) folded before Flop (didn't bet)
Seat 6: ColinCave (small blind) showed [Tc 4c] and lost with two pair, Tens and Eights
Seat 7: safebo (big blind) showed [2h Js] and won ($0.37) with two pair, Jacks and Eights
Seat 8: Dorex2007 folded before Flop (didn't bet)
Seat 9: AGVsmarT folded before Flop (didn't bet)



PokerStars Hand #238762940711:  Hold'em No Limit ($0.02/$0.05 USD) - 2022/09/20 19:51:46 PT [2022/09/20 22:51:46 ET]
Table 'Lederle II' 9-max Seat #6 is the button
Seat 1: csoutto ($6.66 in chips) 
Seat 2: Almanza63 ($4.83 in chips) 
Seat 3: alvaro20172 ($4 in chips) 
Seat 4: simiek ($4.84 in chips) 
Seat 5: ZMadMartigan ($6.83 in chips) 
Seat 6: ColinCave ($4.36 in chips) 
Seat 7: safebo ($10.24 in chips) 
Seat 8: Dorex2007 ($8.13 in chips) 
Seat 9: AGVsmarT ($12.03 in chips) 
safebo: posts small blind $0.02
Dorex2007: posts big blind $0.05
alvaro20172: posts big blind $0.05
*** HOLE CARDS ***
Dealt to Dorex2007 [Ts 7d]
AGVsmarT: folds 
csoutto: calls $0.05
Almanza63: folds 
alvaro20172: raises $0.05 to $0.10
simiek: folds 
ZMadMartigan: calls $0.10
ColinCave: calls $0.10
safebo: folds 
Dorex2007: folds 
csoutto: calls $0.05
*** FLOP *** [3c 9h 5s]
csoutto: checks 
alvaro20172: checks 
ZMadMartigan: checks 
ColinCave: checks 
*** TURN *** [3c 9h 5s] [5h]
csoutto: checks 
alvaro20172: checks 
AGVsmarT is disconnected 
ZMadMartigan: checks 
ColinCave: checks 
*** RIVER *** [3c 9h 5s 5h] [3h]
csoutto: checks 
alvaro20172: checks 
ZMadMartigan: checks 
ColinCave: checks 
*** SHOW DOWN ***
csoutto: shows [2d Jd] (two pair, Fives and Threes)
alvaro20172: shows [4c Ah] (two pair, Fives and Threes - Ace kicker)
ZMadMartigan: shows [Tc Ks] (two pair, Fives and Threes - lower kicker)
ColinCave: mucks hand 
alvaro20172 collected $0.45 from pot
*** SUMMARY ***
Total pot $0.47 | Rake $0.02 
Board [3c 9h 5s 5h 3h]
Seat 1: csoutto showed [2d Jd] and lost with two pair, Fives and Threes
Seat 2: Almanza63 folded before Flop (didn't bet)
Seat 3: alvaro20172 showed [4c Ah] and won ($0.45) with two pair, Fives and Threes
Seat 4: simiek folded before Flop (didn't bet)
Seat 5: ZMadMartigan showed [Tc Ks] and lost with two pair, Fives and Threes
Seat 6: ColinCave (button) mucked [Td Qc]
Seat 7: safebo (small blind) folded before Flop
Seat 8: Dorex2007 (big blind) folded before Flop
Seat 9: AGVsmarT folded before Flop (didn't bet)



PokerStars Hand #238762957716:  Hold'em No Limit ($0.02/$0.05 USD) - 2022/09/20 19:53:30 PT [2022/09/20 22:53:30 ET]
Table 'Lederle II' 9-max Seat #7 is the button
Seat 1: csoutto ($6.56 in chips) 
Seat 2: Almanza63 ($4.83 in chips) 
Seat 3: alvaro20172 ($4.35 in chips) 
Seat 4: simiek ($4.84 in chips) 
Seat 5: ZMadMartigan ($6.73 in chips) 
Seat 6: ColinCave ($4.26 in chips) 
Seat 7: safebo ($10.22 in chips) 
Seat 8: Dorex2007 ($8.08 in chips) 
Seat 9: AGVsmarT ($12.03 in chips) 
Dorex2007: posts small blind $0.02
AGVsmarT: posts big blind $0.05
*** HOLE CARDS ***
Dealt to Dorex2007 [9h 8h]
csoutto: folds 
Almanza63: folds 
alvaro20172: folds 
simiek: folds 
ZMadMartigan: raises $0.10 to $0.15
ColinCave: folds 
safebo: calls $0.15
Dorex2007: folds 
AGVsmarT: folds 
*** FLOP *** [Ad Js 5h]
ZMadMartigan: checks 
safebo: checks 
*** TURN *** [Ad Js 5h] [3h]
ZMadMartigan: bets $0.35
safebo: folds 
Uncalled bet ($0.35) returned to ZMadMartigan
ZMadMartigan collected $0.35 from pot
*** SUMMARY ***
Total pot $0.37 | Rake $0.02 
Board [Ad Js 5h 3h]
Seat 1: csoutto folded before Flop (didn't bet)
Seat 2: Almanza63 folded before Flop (didn't bet)
Seat 3: alvaro20172 folded before Flop (didn't bet)
Seat 4: simiek folded before Flop (didn't bet)
Seat 5: ZMadMartigan collected ($0.35)
Seat 6: ColinCave folded before Flop (didn't bet)
Seat 7: safebo (button) folded on the Turn
Seat 8: Dorex2007 (small blind) folded before Flop
Seat 9: AGVsmarT (big blind) folded before Flop



PokerStars Hand #238762965464:  Hold'em No Limit ($0.02/$0.05 USD) - 2022/09/20 19:54:18 PT [2022/09/20 22:54:18 ET]
Table 'Lederle II' 9-max Seat #8 is the button
Seat 1: csoutto ($6.56 in chips) 
Seat 2: Almanza63 ($4.83 in chips) 
Seat 3: alvaro20172 ($4.35 in chips) 
Seat 4: simiek ($4.84 in chips) 
Seat 5: ZMadMartigan ($6.93 in chips) 
Seat 6: ColinCave ($4.26 in chips) 
Seat 7: safebo ($10.07 in chips) 
Seat 8: Dorex2007 ($8.06 in chips) 
Seat 9: AGVsmarT ($11.98 in chips) 
AGVsmarT: posts small blind $0.02
csoutto: posts big blind $0.05
*** HOLE CARDS ***
Dealt to Dorex2007 [Qc 3c]
Almanza63: folds 
alvaro20172: raises $0.05 to $0.10
simiek: folds 
ZMadMartigan: folds 
ZMadMartigan leaves the table
ColinCave: calls $0.10
safebo: calls $0.10
Dorex2007: folds 
AGVsmarT: folds 
csoutto: calls $0.05
*** FLOP *** [8d 2d 4h]
csoutto: bets $0.05
alvaro20172: folds 
ColinCave: calls $0.05
safebo: calls $0.05
*** TURN *** [8d 2d 4h] [Jd]
csoutto: bets $0.05
ColinCave: calls $0.05
safebo: calls $0.05
*** RIVER *** [8d 2d 4h Jd] [8h]
csoutto: bets $0.69
ColinCave: folds 
safebo: folds 
Uncalled bet ($0.69) returned to csoutto
csoutto collected $0.69 from pot
*** SUMMARY ***
Total pot $0.72 | Rake $0.03 
Board [8d 2d 4h Jd 8h]
Seat 1: csoutto (big blind) collected ($0.69)
Seat 2: Almanza63 folded before Flop (didn't bet)
Seat 3: alvaro20172 folded on the Flop
Seat 4: simiek folded before Flop (didn't bet)
Seat 5: ZMadMartigan folded before Flop (didn't bet)
Seat 6: ColinCave folded on the River
Seat 7: safebo folded on the River
Seat 8: Dorex2007 (button) folded before Flop (didn't bet)
Seat 9: AGVsmarT (small blind) folded before Flop



PokerStars Hand #238762978992:  Hold'em No Limit ($0.02/$0.05 USD) - 2022/09/20 19:55:48 PT [2022/09/20 22:55:48 ET]
Table 'Lederle II' 9-max Seat #9 is the button
Seat 1: csoutto ($7.05 in chips) 
Seat 2: Almanza63 ($5 in chips) 
Seat 3: alvaro20172 ($4.25 in chips) 
Seat 4: simiek ($4.84 in chips) 
Seat 6: ColinCave ($4.06 in chips) 
Seat 7: safebo ($9.87 in chips) 
Seat 8: Dorex2007 ($8.06 in chips) 
Seat 9: AGVsmarT ($11.96 in chips) 
csoutto: posts small blind $0.02
Almanza63: posts big blind $0.05
*** HOLE CARDS ***
Dealt to Dorex2007 [Td Ah]
alvaro20172: folds 
simiek: calls $0.05
ColinCave: folds 
safebo: folds 
Dorex2007: raises $0.10 to $0.15
AGVsmarT: calls $0.15
alvaro20172 leaves the table
csoutto: folds 
Almanza63: folds 
simiek: calls $0.10
*** FLOP *** [9d 7s Ac]
simiek: checks 
Dorex2007: bets $0.33
AGVsmarT: calls $0.33
simiek: folds 
*** TURN *** [9d 7s Ac] [8s]
Dorex2007: checks 
AGVsmarT: bets $0.50
Dorex2007: calls $0.50
*** RIVER *** [9d 7s Ac 8s] [Js]
Dorex2007: bets $1.39
AGVsmarT: calls $1.39
*** SHOW DOWN ***
Dorex2007: shows [Td Ah] (a straight, Seven to Jack)
AGVsmarT: mucks hand 
Dorex2007 collected $4.75 from pot
*** SUMMARY ***
Total pot $4.96 | Rake $0.21 
Board [9d 7s Ac 8s Js]
Seat 1: csoutto (small blind) folded before Flop
Seat 2: Almanza63 (big blind) folded before Flop
Seat 3: alvaro20172 folded before Flop (didn't bet)
Seat 4: simiek folded on the Flop
Seat 6: ColinCave folded before Flop (didn't bet)
Seat 7: safebo folded before Flop (didn't bet)
Seat 8: Dorex2007 showed [Td Ah] and won ($4.75) with a straight, Seven to Jack
Seat 9: AGVsmarT (button) mucked [As Jd]



PokerStars Hand #238762989573:  Hold'em No Limit ($0.02/$0.05 USD) - 2022/09/20 19:57:06 PT [2022/09/20 22:57:06 ET]
Table 'Lederle II' 9-max Seat #1 is the button
Seat 1: csoutto ($7.03 in chips) 
Seat 2: Almanza63 ($4.95 in chips) 
Seat 4: simiek ($4.69 in chips) 
Seat 6: ColinCave ($4.06 in chips) 
Seat 7: safebo ($9.87 in chips) 
Seat 8: Dorex2007 ($10.44 in chips) 
Seat 9: AGVsmarT ($9.59 in chips) 
Almanza63: posts small blind $0.02
simiek: posts big blind $0.05
*** HOLE CARDS ***
Dealt to Dorex2007 [Qd Ac]
ColinCave: folds 
safebo: raises $0.10 to $0.15
Dorex2007: calls $0.15
AGVsmarT: folds 
csoutto: folds 
Almanza63: folds 
simiek: folds 
*** FLOP *** [4c 3c Ah]
safebo: checks 
Dorex2007: bets $0.35
safebo: folds 
Uncalled bet ($0.35) returned to Dorex2007
Dorex2007 collected $0.35 from pot
Dorex2007: doesn't show hand 
*** SUMMARY ***
Total pot $0.37 | Rake $0.02 
Board [4c 3c Ah]
Seat 1: csoutto (button) folded before Flop (didn't bet)
Seat 2: Almanza63 (small blind) folded before Flop
Seat 4: simiek (big blind) folded before Flop
Seat 6: ColinCave folded before Flop (didn't bet)
Seat 7: safebo folded on the Flop
Seat 8: Dorex2007 collected ($0.35)
Seat 9: AGVsmarT folded before Flop (didn't bet)



PokerStars Hand #238762996474:  Hold'em No Limit ($0.02/$0.05 USD) - 2022/09/20 19:57:57 PT [2022/09/20 22:57:57 ET]
Table 'Lederle II' 9-max Seat #2 is the button
Seat 1: csoutto ($7.03 in chips) 
Seat 2: Almanza63 ($4.93 in chips) 
Seat 4: simiek ($4.64 in chips) 
Seat 6: ColinCave ($4.06 in chips) 
Seat 7: safebo ($9.72 in chips) 
Seat 8: Dorex2007 ($10.64 in chips) 
Seat 9: AGVsmarT ($9.59 in chips) 
simiek: posts small blind $0.02
ColinCave: posts big blind $0.05
*** HOLE CARDS ***
Dealt to Dorex2007 [Qc 5c]
safebo: folds 
Dorex2007: folds 
AGVsmarT: calls $0.05
csoutto: calls $0.05
Almanza63: folds 
simiek: calls $0.03
ColinCave: checks 
*** FLOP *** [9c Js 4d]
Viktor/5\461 joins the table at seat #3 
simiek: checks 
ColinCave: checks 
woxpo joins the table at seat #5 
AGVsmarT: bets $0.19
csoutto: folds 
simiek: calls $0.19
ColinCave: folds 
*** TURN *** [9c Js 4d] [3d]
simiek: checks 
AGVsmarT: bets $0.28
simiek: folds 
Uncalled bet ($0.28) returned to AGVsmarT
AGVsmarT collected $0.56 from pot
*** SUMMARY ***
Total pot $0.58 | Rake $0.02 
Board [9c Js 4d 3d]
Seat 1: csoutto folded on the Flop
Seat 2: Almanza63 (button) folded before Flop (didn't bet)
Seat 4: simiek (small blind) folded on the Turn
Seat 6: ColinCave (big blind) folded on the Flop
Seat 7: safebo folded before Flop (didn't bet)
Seat 8: Dorex2007 folded before Flop (didn't bet)
Seat 9: AGVsmarT collected ($0.56)



PokerStars Hand #238763005722:  Hold'em No Limit ($0.02/$0.05 USD) - 2022/09/20 19:59:04 PT [2022/09/20 22:59:04 ET]
Table 'Lederle II' 9-max Seat #4 is the button
Seat 1: csoutto ($6.98 in chips) 
Seat 2: Almanza63 ($4.93 in chips) 
Seat 4: simiek ($4.40 in chips) 
Seat 6: ColinCave ($4.01 in chips) 
Seat 7: safebo ($9.72 in chips) 
Seat 8: Dorex2007 ($10.64 in chips) 
Seat 9: AGVsmarT ($9.91 in chips) 
ColinCave: posts small blind $0.02
safebo: posts big blind $0.05
Viktor/5\461: sits out 
*** HOLE CARDS ***
Dealt to Dorex2007 [7d 9c]
woxpo leaves the table
Dorex2007: folds 
AGVsmarT: folds 
csoutto: folds 
Almanza63: folds 
simiek: calls $0.05
ColinCave: calls $0.03
safebo: checks 
*** FLOP *** [Qc 8d Td]
ColinCave: checks 
safebo: checks 
simiek: checks 
*** TURN *** [Qc 8d Td] [Kh]
ColinCave: checks 
safebo: checks 
simiek: checks 
*** RIVER *** [Qc 8d Td Kh] [Kd]
ColinCave: checks 
safebo: checks 
simiek: checks 
*** SHOW DOWN ***
ColinCave: shows [Jh Tc] (two pair, Kings and Tens)
safebo: mucks hand 
simiek: mucks hand 
ColinCave collected $0.14 from pot
*** SUMMARY ***
Total pot $0.15 | Rake $0.01 
Board [Qc 8d Td Kh Kd]
Seat 1: csoutto folded before Flop (didn't bet)
Seat 2: Almanza63 folded before Flop (didn't bet)
Seat 4: simiek (button) mucked [Ac 5s]
Seat 6: ColinCave (small blind) showed [Jh Tc] and won ($0.14) with two pair, Kings and Tens
Seat 7: safebo (big blind) mucked [5h 3d]
Seat 8: Dorex2007 folded before Flop (didn't bet)
Seat 9: AGVsmarT folded before Flop (didn't bet)



PokerStars Hand #238763015451:  Hold'em No Limit ($0.02/$0.05 USD) - 2022/09/20 20:00:14 PT [2022/09/20 23:00:14 ET]
Table 'Lederle II' 9-max Seat #6 is the button
Seat 1: csoutto ($6.98 in chips) 
Seat 2: Almanza63 ($4.93 in chips) 
Seat 4: simiek ($4.35 in chips) 
Seat 6: ColinCave ($4.10 in chips) 
Seat 7: safebo ($9.67 in chips) 
Seat 8: Dorex2007 ($10.64 in chips) 
Seat 9: AGVsmarT ($9.91 in chips) 
safebo: posts small blind $0.02
Dorex2007: posts big blind $0.05
Viktor/5\461: sits out 
*** HOLE CARDS ***
Dealt to Dorex2007 [4s 8h]
AGVsmarT: folds 
csoutto: folds 
Almanza63: folds 
simiek: folds 
ColinCave: calls $0.05
safebo: calls $0.03
Dorex2007: checks 
*** FLOP *** [8c 9h 3h]
safebo: checks 
Dorex2007: checks 
ColinCave: checks 
*** TURN *** [8c 9h 3h] [Ts]
safebo: bets $0.07
Dorex2007: folds 
PedroVitor87 joins the table at seat #5 
ColinCave: folds 
Uncalled bet ($0.07) returned to safebo
safebo collected $0.14 from pot
*** SUMMARY ***
Total pot $0.15 | Rake $0.01 
Board [8c 9h 3h Ts]
Seat 1: csoutto folded before Flop (didn't bet)
Seat 2: Almanza63 folded before Flop (didn't bet)
Seat 4: simiek folded before Flop (didn't bet)
Seat 6: ColinCave (button) folded on the Turn
Seat 7: safebo (small blind) collected ($0.14)
Seat 8: Dorex2007 (big blind) folded on the Turn
Seat 9: AGVsmarT folded before Flop (didn't bet)



PokerStars Hand #238763024513:  Hold'em No Limit ($0.02/$0.05 USD) - 2022/09/20 20:01:14 PT [2022/09/20 23:01:14 ET]
Table 'Lederle II' 9-max Seat #7 is the button
Seat 1: csoutto ($6.98 in chips) 
Seat 2: Almanza63 ($4.93 in chips) 
Seat 4: simiek ($4.35 in chips) 
Seat 5: PedroVitor87 ($2 in chips) 
Seat 6: ColinCave ($4.05 in chips) 
Seat 7: safebo ($9.76 in chips) 
Seat 8: Dorex2007 ($10.59 in chips) 
Seat 9: AGVsmarT ($9.91 in chips) 
Dorex2007: posts small blind $0.02
AGVsmarT: posts big blind $0.05
Viktor/5\461: sits out 
PedroVitor87: posts big blind $0.05
*** HOLE CARDS ***
Dealt to Dorex2007 [8s Kd]
csoutto: raises $0.05 to $0.10
Almanza63: folds 
simiek: calls $0.10
PedroVitor87: raises $0.30 to $0.40
ColinCave: folds 
safebo: folds 
Dorex2007: folds 
AGVsmarT: folds 
csoutto: calls $0.30
simiek: folds 
*** FLOP *** [7d Qh Ts]
csoutto: checks 
PedroVitor87: bets $0.50
csoutto: calls $0.50
*** TURN *** [7d Qh Ts] [9h]
csoutto: checks 
PedroVitor87: bets $1.10 and is all-in
csoutto: calls $1.10
*** RIVER *** [7d Qh Ts 9h] [5s]
*** SHOW DOWN ***
csoutto: shows [7c 7h] (three of a kind, Sevens)
PedroVitor87: shows [Qs Ad] (a pair of Queens)
csoutto collected $4 from pot
*** SUMMARY ***
Total pot $4.17 | Rake $0.17 
Board [7d Qh Ts 9h 5s]
Seat 1: csoutto showed [7c 7h] and won ($4) with three of a kind, Sevens
Seat 2: Almanza63 folded before Flop (didn't bet)
Seat 4: simiek folded before Flop
Seat 5: PedroVitor87 showed [Qs Ad] and lost with a pair of Queens
Seat 6: ColinCave folded before Flop (didn't bet)
Seat 7: safebo (button) folded before Flop (didn't bet)
Seat 8: Dorex2007 (small blind) folded before Flop
Seat 9: AGVsmarT (big blind) folded before Flop



PokerStars Hand #238763035422:  Hold'em No Limit ($0.02/$0.05 USD) - 2022/09/20 20:02:22 PT [2022/09/20 23:02:22 ET]
Table 'Lederle II' 9-max Seat #8 is the button
Seat 1: csoutto ($8.98 in chips) 
Seat 2: Almanza63 ($4.93 in chips) 
Seat 4: simiek ($4.25 in chips) 
Seat 6: ColinCave ($4.05 in chips) 
Seat 7: safebo ($9.76 in chips) 
Seat 8: Dorex2007 ($10.57 in chips) 
Seat 9: AGVsmarT ($9.86 in chips) 
AGVsmarT: posts small blind $0.02
csoutto: posts big blind $0.05
Viktor/5\461: sits out 
*** HOLE CARDS ***
Dealt to Dorex2007 [As 9s]
Almanza63: folds 
simiek: calls $0.05
ColinCave: calls $0.05
safebo: folds 
Dorex2007: calls $0.05
AGVsmarT: folds 
csoutto: checks 
*** FLOP *** [5d Kh 2d]
csoutto: checks 
simiek: checks 
ColinCave: checks 
Dorex2007: checks 
*** TURN *** [5d Kh 2d] [3h]
csoutto: checks 
simiek: checks 
ColinCave: checks 
Dorex2007: checks 
*** RIVER *** [5d Kh 2d 3h] [9h]
csoutto: bets $0.05
simiek: folds 
ColinCave: folds 
Dorex2007: calls $0.05
*** SHOW DOWN ***
csoutto: shows [Qd 9c] (a pair of Nines)
Dorex2007: shows [As 9s] (a pair of Nines - Ace kicker)
Dorex2007 collected $0.31 from pot
*** SUMMARY ***
Total pot $0.32 | Rake $0.01 
Board [5d Kh 2d 3h 9h]
Seat 1: csoutto (big blind) showed [Qd 9c] and lost with a pair of Nines
Seat 2: Almanza63 folded before Flop (didn't bet)
Seat 4: simiek folded on the River
Seat 6: ColinCave folded on the River
Seat 7: safebo folded before Flop (didn't bet)
Seat 8: Dorex2007 (button) showed [As 9s] and won ($0.31) with a pair of Nines
Seat 9: AGVsmarT (small blind) folded before Flop



PokerStars Hand #238763047414:  Hold'em No Limit ($0.02/$0.05 USD) - 2022/09/20 20:03:37 PT [2022/09/20 23:03:37 ET]
Table 'Lederle II' 9-max Seat #9 is the button
Seat 1: csoutto ($8.88 in chips) 
Seat 2: Almanza63 ($4.93 in chips) 
Seat 4: simiek ($4.20 in chips) 
Seat 5: PedroVitor87 ($2 in chips) 
Seat 6: ColinCave ($4 in chips) 
Seat 7: safebo ($9.76 in chips) 
Seat 8: Dorex2007 ($10.78 in chips) 
Seat 9: AGVsmarT ($9.84 in chips) 
csoutto: posts small blind $0.02
Almanza63: posts big blind $0.05
Viktor/5\461: sits out 
*** HOLE CARDS ***
Dealt to Dorex2007 [6c 4c]
simiek: folds 
PedroVitor87: raises $0.15 to $0.20
ColinCave: folds 
safebo: folds 
Dorex2007: folds 
AGVsmarT: folds 
csoutto: folds 
Almanza63: folds 
Uncalled bet ($0.15) returned to PedroVitor87
PedroVitor87 collected $0.12 from pot
PedroVitor87: doesn't show hand 
*** SUMMARY ***
Total pot $0.12 | Rake $0 
Seat 1: csoutto (small blind) folded before Flop
Seat 2: Almanza63 (big blind) folded before Flop
Seat 4: simiek folded before Flop (didn't bet)
Seat 5: PedroVitor87 collected ($0.12)
Seat 6: ColinCave folded before Flop (didn't bet)
Seat 7: safebo folded before Flop (didn't bet)
Seat 8: Dorex2007 folded before Flop (didn't bet)
Seat 9: AGVsmarT (button) folded before Flop (didn't bet)



PokerStars Hand #238763051546:  Hold'em No Limit ($0.02/$0.05 USD) - 2022/09/20 20:04:03 PT [2022/09/20 23:04:03 ET]
Table 'Lederle II' 9-max Seat #1 is the button
Seat 1: csoutto ($8.86 in chips) 
Seat 2: Almanza63 ($4.88 in chips) 
Seat 3: Viktor/5\461 ($5 in chips) 
Seat 4: simiek ($4.20 in chips) 
Seat 5: PedroVitor87 ($2.07 in chips) 
Seat 6: ColinCave ($4 in chips) 
Seat 7: safebo ($9.76 in chips) 
Seat 8: Dorex2007 ($10.78 in chips) 
Seat 9: AGVsmarT ($9.84 in chips) 
Almanza63: posts small blind $0.02
Viktor/5\461: posts big blind $0.05
*** HOLE CARDS ***
Dealt to Dorex2007 [2h 5h]
simiek: folds 
PedroVitor87: folds 
ColinCave: folds 
safebo: raises $0.22 to $0.27
Dorex2007: folds 
AGVsmarT: calls $0.27
csoutto: calls $0.27
Almanza63: folds 
Viktor/5\461: folds 
*** FLOP *** [6h Jd 3s]
safebo: checks 
AGVsmarT: bets $0.15
csoutto: folds 
safebo: calls $0.15
*** TURN *** [6h Jd 3s] [Qs]
safebo: checks 
AGVsmarT: checks 
*** RIVER *** [6h Jd 3s Qs] [4c]
csoutto leaves the table
safebo: bets $1.13
AGVsmarT: folds 
Uncalled bet ($1.13) returned to safebo
safebo collected $1.13 from pot
*** SUMMARY ***
Total pot $1.18 | Rake $0.05 
Board [6h Jd 3s Qs 4c]
Seat 1: csoutto (button) folded on the Flop
Seat 2: Almanza63 (small blind) folded before Flop
Seat 3: Viktor/5\461 (big blind) folded before Flop
Seat 4: simiek folded before Flop (didn't bet)
Seat 5: PedroVitor87 folded before Flop (didn't bet)
Seat 6: ColinCave folded before Flop (didn't bet)
Seat 7: safebo collected ($1.13)
Seat 8: Dorex2007 folded before Flop (didn't bet)
Seat 9: AGVsmarT folded on the River



PokerStars Hand #238763062611:  Hold'em No Limit ($0.02/$0.05 USD) - 2022/09/20 20:05:14 PT [2022/09/20 23:05:14 ET]
Table 'Lederle II' 9-max Seat #2 is the button
Seat 2: Almanza63 ($4.86 in chips) 
Seat 3: Viktor/5\461 ($4.95 in chips) 
Seat 4: simiek ($4.20 in chips) 
Seat 5: PedroVitor87 ($2.07 in chips) 
Seat 6: ColinCave ($4 in chips) 
Seat 7: safebo ($10.47 in chips) 
Seat 8: Dorex2007 ($10.78 in chips) 
Seat 9: AGVsmarT ($9.42 in chips) 
renansuguino1 joins the table at seat #1 
Viktor/5\461: posts small blind $0.02
simiek: posts big blind $0.05
*** HOLE CARDS ***
Dealt to Dorex2007 [Tc 2h]
PedroVitor87: raises $0.10 to $0.15
ColinCave: folds 
safebo: folds 
Dorex2007: folds 
AGVsmarT: folds 
Almanza63: folds 
Viktor/5\461: folds 
simiek: folds 
Uncalled bet ($0.10) returned to PedroVitor87
PedroVitor87 collected $0.12 from pot
PedroVitor87: doesn't show hand 
*** SUMMARY ***
Total pot $0.12 | Rake $0 
Seat 2: Almanza63 (button) folded before Flop (didn't bet)
Seat 3: Viktor/5\461 (small blind) folded before Flop
Seat 4: simiek (big blind) folded before Flop
Seat 5: PedroVitor87 collected ($0.12)
Seat 6: ColinCave folded before Flop (didn't bet)
Seat 7: safebo folded before Flop (didn't bet)
Seat 8: Dorex2007 folded before Flop (didn't bet)
Seat 9: AGVsmarT folded before Flop (didn't bet)



PokerStars Hand #238763065559:  Hold'em No Limit ($0.02/$0.05 USD) - 2022/09/20 20:05:33 PT [2022/09/20 23:05:33 ET]
Table 'Lederle II' 9-max Seat #3 is the button
Seat 2: Almanza63 ($4.86 in chips) 
Seat 3: Viktor/5\461 ($4.93 in chips) 
Seat 4: simiek ($4.15 in chips) 
Seat 5: PedroVitor87 ($2.14 in chips) 
Seat 6: ColinCave ($4 in chips) 
Seat 7: safebo ($10.47 in chips) 
Seat 8: Dorex2007 ($10.78 in chips) 
Seat 9: AGVsmarT ($9.42 in chips) 
simiek: posts small blind $0.02
PedroVitor87: posts big blind $0.05
renansuguino1: sits out 
*** HOLE CARDS ***
Dealt to Dorex2007 [4s 6d]
ColinCave: raises $0.07 to $0.12
safebo: folds 
Dorex2007: folds 
AGVsmarT: calls $0.12
Almanza63: folds 
Viktor/5\461: calls $0.12
simiek: folds 
PedroVitor87: folds 
*** FLOP *** [2c Ac 5s]
ColinCave: bets $0.20
AGVsmarT: folds 
Viktor/5\461: folds 
Uncalled bet ($0.20) returned to ColinCave
ColinCave collected $0.41 from pot
*** SUMMARY ***
Total pot $0.43 | Rake $0.02 
Board [2c Ac 5s]
Seat 2: Almanza63 folded before Flop (didn't bet)
Seat 3: Viktor/5\461 (button) folded on the Flop
Seat 4: simiek (small blind) folded before Flop
Seat 5: PedroVitor87 (big blind) folded before Flop
Seat 6: ColinCave collected ($0.41)
Seat 7: safebo folded before Flop (didn't bet)
Seat 8: Dorex2007 folded before Flop (didn't bet)
Seat 9: AGVsmarT folded on the Flop



PokerStars Hand #238763074056:  Hold'em No Limit ($0.02/$0.05 USD) - 2022/09/20 20:06:27 PT [2022/09/20 23:06:27 ET]
Table 'Lederle II' 9-max Seat #4 is the button
Seat 2: Almanza63 ($4.86 in chips) 
Seat 3: Viktor/5\461 ($4.81 in chips) 
Seat 4: simiek ($4.13 in chips) 
Seat 5: PedroVitor87 ($2.09 in chips) 
Seat 6: ColinCave ($4.29 in chips) 
Seat 7: safebo ($10.47 in chips) 
Seat 8: Dorex2007 ($10.78 in chips) 
Seat 9: AGVsmarT ($9.30 in chips) 
PedroVitor87: posts small blind $0.02
ColinCave: posts big blind $0.05
renansuguino1: sits out 
*** HOLE CARDS ***
Dealt to Dorex2007 [6s 4c]
safebo: folds 
Dorex2007: folds 
AGVsmarT: folds 
Almanza63: folds 
Viktor/5\461: folds 
simiek: folds 
PedroVitor87: calls $0.03
ColinCave: checks 
*** FLOP *** [6c 8s Js]
PedroVitor87: bets $0.10
ColinCave: calls $0.10
*** TURN *** [6c 8s Js] [Th]
PedroVitor87: bets $0.14
ColinCave: folds 
Uncalled bet ($0.14) returned to PedroVitor87
PedroVitor87 collected $0.29 from pot
PedroVitor87: doesn't show hand 
*** SUMMARY ***
Total pot $0.30 | Rake $0.01 
Board [6c 8s Js Th]
Seat 2: Almanza63 folded before Flop (didn't bet)
Seat 3: Viktor/5\461 folded before Flop (didn't bet)
Seat 4: simiek (button) folded before Flop (didn't bet)
Seat 5: PedroVitor87 (small blind) collected ($0.29)
Seat 6: ColinCave (big blind) folded on the Turn
Seat 7: safebo folded before Flop (didn't bet)
Seat 8: Dorex2007 folded before Flop (didn't bet)
Seat 9: AGVsmarT folded before Flop (didn't bet)



PokerStars Hand #238763082896:  Hold'em No Limit ($0.02/$0.05 USD) - 2022/09/20 20:07:24 PT [2022/09/20 23:07:24 ET]
Table 'Lederle II' 9-max Seat #5 is the button
Seat 2: Almanza63 ($4.86 in chips) 
Seat 3: Viktor/5\461 ($4.81 in chips) 
Seat 4: simiek ($4.13 in chips) 
Seat 5: PedroVitor87 ($2.23 in chips) 
Seat 6: ColinCave ($4.14 in chips) 
Seat 7: safebo ($10.47 in chips) 
Seat 8: Dorex2007 ($10.78 in chips) 
Seat 9: AGVsmarT ($9.30 in chips) 
ColinCave: posts small blind $0.02
safebo: posts big blind $0.05
renansuguino1: sits out 
*** HOLE CARDS ***
Dealt to Dorex2007 [4h Jh]
Dorex2007: folds 
AGVsmarT: folds 
Almanza63: folds 
Viktor/5\461: folds 
simiek: folds 
PedroVitor87: calls $0.05
ColinCave: calls $0.03
safebo: raises $0.15 to $0.20
PedroVitor87: calls $0.15
ColinCave: folds 
*** FLOP *** [Ac 7c Ad]
safebo: bets $0.21
PedroVitor87: folds 
Uncalled bet ($0.21) returned to safebo
safebo collected $0.43 from pot
*** SUMMARY ***
Total pot $0.45 | Rake $0.02 
Board [Ac 7c Ad]
Seat 2: Almanza63 folded before Flop (didn't bet)
Seat 3: Viktor/5\461 folded before Flop (didn't bet)
Seat 4: simiek folded before Flop (didn't bet)
Seat 5: PedroVitor87 (button) folded on the Flop
Seat 6: ColinCave (small blind) folded before Flop
Seat 7: safebo (big blind) collected ($0.43)
Seat 8: Dorex2007 folded before Flop (didn't bet)
Seat 9: AGVsmarT folded before Flop (didn't bet)



PokerStars Hand #238763089328:  Hold'em No Limit ($0.02/$0.05 USD) - 2022/09/20 20:08:05 PT [2022/09/20 23:08:05 ET]
Table 'Lederle II' 9-max Seat #6 is the button
Seat 2: Almanza63 ($4.86 in chips) 
Seat 3: Viktor/5\461 ($4.81 in chips) 
Seat 4: simiek ($4.13 in chips) 
Seat 5: PedroVitor87 ($2.03 in chips) 
Seat 6: ColinCave ($4.09 in chips) 
Seat 7: safebo ($10.70 in chips) 
Seat 8: Dorex2007 ($10.78 in chips) 
Seat 9: AGVsmarT ($9.30 in chips) 
safebo: posts small blind $0.02
Dorex2007: posts big blind $0.05
renansuguino1: sits out 
*** HOLE CARDS ***
Dealt to Dorex2007 [Js 7s]
AGVsmarT: folds 
Almanza63: folds 
Viktor/5\461: folds 
simiek: calls $0.05
PedroVitor87: calls $0.05
ColinCave: folds 
Viktor/5\461 leaves the table
Babakita joins the table at seat #3 
safebo: folds 
Dorex2007: checks 
*** FLOP *** [4s As Jd]
Dorex2007: checks 
simiek: checks 
PedroVitor87: checks 
*** TURN *** [4s As Jd] [4d]
Dorex2007: bets $0.08
simiek: calls $0.08
PedroVitor87: folds 
*** RIVER *** [4s As Jd 4d] [Jh]
Dorex2007: bets $0.32
simiek: folds 
Uncalled bet ($0.32) returned to Dorex2007
Dorex2007 collected $0.32 from pot
Dorex2007: doesn't show hand 
*** SUMMARY ***
Total pot $0.33 | Rake $0.01 
Board [4s As Jd 4d Jh]
Seat 2: Almanza63 folded before Flop (didn't bet)
Seat 3: Viktor/5\461 folded before Flop (didn't bet)
Seat 4: simiek folded on the River
Seat 5: PedroVitor87 folded on the Turn
Seat 6: ColinCave (button) folded before Flop (didn't bet)
Seat 7: safebo (small blind) folded before Flop
Seat 8: Dorex2007 (big blind) collected ($0.32)
Seat 9: AGVsmarT folded before Flop (didn't bet)



PokerStars Hand #238763099293:  Hold'em No Limit ($0.02/$0.05 USD) - 2022/09/20 20:09:09 PT [2022/09/20 23:09:09 ET]
Table 'Lederle II' 9-max Seat #7 is the button
Seat 2: Almanza63 ($4.86 in chips) 
Seat 3: Babakita ($2.60 in chips) 
Seat 4: simiek ($4 in chips) 
Seat 5: PedroVitor87 ($1.98 in chips) 
Seat 6: ColinCave ($4.09 in chips) 
Seat 7: safebo ($10.68 in chips) 
Seat 8: Dorex2007 ($10.97 in chips) 
Seat 9: AGVsmarT ($9.30 in chips) 
Dorex2007: posts small blind $0.02
AGVsmarT: posts big blind $0.05
renansuguino1: sits out 
Babakita: posts big blind $0.05
*** HOLE CARDS ***
Dealt to Dorex2007 [2h 8s]
Almanza63: folds 
Babakita: raises $1 to $1.05
simiek: folds 
PedroVitor87: raises $0.93 to $1.98 and is all-in
ColinCave: folds 
safebo: folds 
Dorex2007: folds 
AGVsmarT: folds 
Babakita: calls $0.93
*** FLOP *** [Qh 5s Th]
*** TURN *** [Qh 5s Th] [7c]
*** RIVER *** [Qh 5s Th 7c] [Jd]
*** SHOW DOWN ***
Babakita: shows [5c 3h] (a pair of Fives)
PedroVitor87: shows [Qc Jc] (two pair, Queens and Jacks)
PedroVitor87 cashed out the hand for $2.51 | Cash Out Fee $0.03
*** SUMMARY ***
Total pot $4.03 | Rake $0.17 
Board [Qh 5s Th 7c Jd]
Seat 2: Almanza63 folded before Flop (didn't bet)
Seat 3: Babakita showed [5c 3h] and lost with a pair of Fives
Seat 4: simiek folded before Flop (didn't bet)
Seat 5: PedroVitor87 showed [Qc Jc] and won ($3.86) with two pair, Queens and Jacks (pot not awarded as player cashed out)
Seat 6: ColinCave folded before Flop (didn't bet)
Seat 7: safebo (button) folded before Flop (didn't bet)
Seat 8: Dorex2007 (small blind) folded before Flop
Seat 9: AGVsmarT (big blind) folded before Flop



PokerStars Hand #238763104634:  Hold'em No Limit ($0.02/$0.05 USD) - 2022/09/20 20:09:43 PT [2022/09/20 23:09:43 ET]
Table 'Lederle II' 9-max Seat #8 is the button
Seat 1: renansuguino1 ($5 in chips) 
Seat 2: Almanza63 ($4.86 in chips) 
Seat 3: Babakita ($0.62 in chips) 
Seat 4: simiek ($4 in chips) 
Seat 5: PedroVitor87 ($2.51 in chips) 
Seat 6: ColinCave ($4.09 in chips) 
Seat 7: safebo ($10.68 in chips) 
Seat 8: Dorex2007 ($10.95 in chips) 
Seat 9: AGVsmarT ($9.25 in chips) 
AGVsmarT: posts small blind $0.02
renansuguino1: posts big blind $0.05
*** HOLE CARDS ***
Dealt to Dorex2007 [Qc Qs]
Almanza63: folds 
Babakita: raises $0.57 to $0.62 and is all-in
simiek: folds 
PedroVitor87: folds 
ColinCave: folds 
safebo: calls $0.62
Dorex2007: calls $0.62
AGVsmarT: folds 
renansuguino1: folds 
*** FLOP *** [Td Kc 4c]
safebo: bets $0.20
Dorex2007: calls $0.20
*** TURN *** [Td Kc 4c] [Ac]
safebo: bets $0.25
Dorex2007: raises $1.57 to $1.82
safebo: folds 
Uncalled bet ($1.57) returned to Dorex2007
*** RIVER *** [Td Kc 4c Ac] [6d]
*** SHOW DOWN ***
Dorex2007: shows [Qc Qs] (a pair of Queens)
Babakita: shows [Ad 7s] (a pair of Aces)
Babakita collected $1.85 from main pot
Dorex2007 cashed out the hand for $1.43 | Cash Out Fee $0.01
*** SUMMARY ***
Total pot $2.83 Main pot $1.85. Side pot $0.86. | Rake $0.12 
Board [Td Kc 4c Ac 6d]
Seat 1: renansuguino1 (big blind) folded before Flop
Seat 2: Almanza63 folded before Flop (didn't bet)
Seat 3: Babakita showed [Ad 7s] and won ($1.85) with a pair of Aces
Seat 4: simiek folded before Flop (didn't bet)
Seat 5: PedroVitor87 folded before Flop (didn't bet)
Seat 6: ColinCave folded before Flop (didn't bet)
Seat 7: safebo folded on the Turn
Seat 8: Dorex2007 (button) showed [Qc Qs] and won ($0.86) with a pair of Queens (pot not awarded as player cashed out)
Seat 9: AGVsmarT (small blind) folded before Flop



PokerStars Hand #238763116875:  Hold'em No Limit ($0.02/$0.05 USD) - 2022/09/20 20:11:01 PT [2022/09/20 23:11:01 ET]
Table 'Lederle II' 9-max Seat #9 is the button
Seat 1: renansuguino1 ($5 in chips) 
Seat 2: Almanza63 ($4.86 in chips) 
Seat 3: Babakita ($1.85 in chips) 
Seat 4: simiek ($4 in chips) 
Seat 5: PedroVitor87 ($2.51 in chips) 
Seat 6: ColinCave ($4.09 in chips) 
Seat 7: safebo ($9.61 in chips) 
Seat 8: Dorex2007 ($11.31 in chips) 
Seat 9: AGVsmarT ($9.23 in chips) 
renansuguino1: posts small blind $0.02
Almanza63: posts big blind $0.05
*** HOLE CARDS ***
Dealt to Dorex2007 [As Ad]
Babakita: raises $0.05 to $0.10
simiek: calls $0.10
PedroVitor87: folds 
ColinCave: folds 
safebo: raises $0.05 to $0.15
Dorex2007: raises $0.25 to $0.40
AGVsmarT: folds 
renansuguino1: folds 
Almanza63: folds 
Babakita: calls $0.30
simiek: calls $0.30
safebo: folds 
*** FLOP *** [Ah Qs Jc]
Babakita: bets $0.40
simiek: calls $0.40
Dorex2007: raises $10.51 to $10.91 and is all-in
Babakita: calls $1.05 and is all-in
simiek: calls $3.20 and is all-in
Uncalled bet ($7.31) returned to Dorex2007
*** TURN *** [Ah Qs Jc] [6d]
*** RIVER *** [Ah Qs Jc 6d] [9h]
*** SHOW DOWN ***
simiek: shows [Kc Tc] (a straight, Ten to Ace)
Dorex2007: shows [As Ad] (three of a kind, Aces)
simiek collected $4.12 from side pot
Babakita: shows [Th Kd] (a straight, Ten to Ace)
Babakita collected $2.77 from main pot
simiek collected $2.76 from main pot
Dorex2007 cashed out the hand for $3.41 | Cash Out Fee $0.03
*** SUMMARY ***
Total pot $10.07 Main pot $5.53. Side pot $4.12. | Rake $0.42 
Board [Ah Qs Jc 6d 9h]
Seat 1: renansuguino1 (small blind) folded before Flop
Seat 2: Almanza63 (big blind) folded before Flop
Seat 3: Babakita showed [Th Kd] and won ($2.77) with a straight, Ten to Ace
Seat 4: simiek showed [Kc Tc] and won ($6.88) with a straight, Ten to Ace
Seat 5: PedroVitor87 folded before Flop (didn't bet)
Seat 6: ColinCave folded before Flop (didn't bet)
Seat 7: safebo folded before Flop
Seat 8: Dorex2007 showed [As Ad] and lost with three of a kind, Aces (cashed out).
Seat 9: AGVsmarT (button) folded before Flop (didn't bet)



PokerStars Hand #238763129419:  Hold'em No Limit ($0.02/$0.05 USD) - 2022/09/20 20:12:22 PT [2022/09/20 23:12:22 ET]
Table 'Lederle II' 9-max Seat #1 is the button
Seat 1: renansuguino1 ($5 in chips) 
Seat 2: Almanza63 ($4.81 in chips) 
Seat 3: Babakita ($2.77 in chips) 
Seat 4: simiek ($6.88 in chips) 
Seat 5: PedroVitor87 ($2.51 in chips) 
Seat 6: ColinCave ($4.09 in chips) 
Seat 7: safebo ($9.46 in chips) 
Seat 8: Dorex2007 ($10.72 in chips) 
Seat 9: AGVsmarT ($9.23 in chips) 
Almanza63: posts small blind $0.02
Babakita: posts big blind $0.05
*** HOLE CARDS ***
Dealt to Dorex2007 [7c 6c]
simiek: calls $0.05
PedroVitor87: folds 
ColinCave: folds 
safebo: folds 
Dorex2007: folds 
AGVsmarT: folds 
renansuguino1: raises $0.15 to $0.20
Almanza63: folds 
Babakita: raises $0.47 to $0.67
simiek: folds 
renansuguino1: raises $4.33 to $5 and is all-in
Babakita: calls $2.10 and is all-in
Uncalled bet ($2.23) returned to renansuguino1
simiek leaves the table
*** FLOP *** [4h Ks 3h]
*** TURN *** [4h Ks 3h] [8d]
*** RIVER *** [4h Ks 3h 8d] [Jc]
*** SHOW DOWN ***
Babakita: shows [3c As] (a pair of Threes)
renansuguino1: shows [9d Ac] (high card Ace)
Babakita collected $5.38 from pot
*** SUMMARY ***
Total pot $5.61 | Rake $0.23 
Board [4h Ks 3h 8d Jc]
Seat 1: renansuguino1 (button) showed [9d Ac] and lost with high card Ace
Seat 2: Almanza63 (small blind) folded before Flop
Seat 3: Babakita (big blind) showed [3c As] and won ($5.38) with a pair of Threes
Seat 4: simiek folded before Flop
Seat 5: PedroVitor87 folded before Flop (didn't bet)
Seat 6: ColinCave folded before Flop (didn't bet)
Seat 7: safebo folded before Flop (didn't bet)
Seat 8: Dorex2007 folded before Flop (didn't bet)
Seat 9: AGVsmarT folded before Flop (didn't bet)



PokerStars Hand #238763139427:  Hold'em No Limit ($0.02/$0.05 USD) - 2022/09/20 20:13:27 PT [2022/09/20 23:13:27 ET]
Table 'Lederle II' 9-max Seat #2 is the button
Seat 1: renansuguino1 ($5 in chips) 
Seat 2: Almanza63 ($4.79 in chips) 
Seat 3: Babakita ($5.38 in chips) 
Seat 5: PedroVitor87 ($2.51 in chips) 
Seat 6: ColinCave ($4.09 in chips) 
Seat 7: safebo ($9.46 in chips) 
Seat 8: Dorex2007 ($10.72 in chips) 
Seat 9: AGVsmarT ($9.23 in chips) 
Babakita: posts small blind $0.02
PedroVitor87: posts big blind $0.05
*** HOLE CARDS ***
Dealt to Dorex2007 [2s 9c]
ColinCave: folds 
safebo: folds 
Dorex2007: folds 
AGVsmarT: folds 
renansuguino1: raises $0.10 to $0.15
Almanza63: folds 
Babakita: raises $0.35 to $0.50
giuaraujo12 joins the table at seat #4 
PedroVitor87: calls $0.45
renansuguino1: raises $4.50 to $5 and is all-in
Babakita: calls $4.50
PedroVitor87: calls $2.01 and is all-in
*** FLOP *** [4d Th Qc]
*** TURN *** [4d Th Qc] [6c]
*** RIVER *** [4d Th Qc 6c] [7d]
*** SHOW DOWN ***
Babakita: shows [Jc 7c] (a pair of Sevens)
renansuguino1: shows [Td Tc] (three of a kind, Tens)
renansuguino1 collected $4.77 from side pot
PedroVitor87: shows [5d As] (high card Ace)
renansuguino1 collected $7.22 from main pot
*** SUMMARY ***
Total pot $12.51 Main pot $7.22. Side pot $4.77. | Rake $0.52 
Board [4d Th Qc 6c 7d]
Seat 1: renansuguino1 showed [Td Tc] and won ($11.99) with three of a kind, Tens
Seat 2: Almanza63 (button) folded before Flop (didn't bet)
Seat 3: Babakita (small blind) showed [Jc 7c] and lost with a pair of Sevens
Seat 5: PedroVitor87 (big blind) showed [5d As] and lost with high card Ace
Seat 6: ColinCave folded before Flop (didn't bet)
Seat 7: safebo folded before Flop (didn't bet)
Seat 8: Dorex2007 folded before Flop (didn't bet)
Seat 9: AGVsmarT folded before Flop (didn't bet)



PokerStars Hand #238763147163:  Hold'em No Limit ($0.02/$0.05 USD) - 2022/09/20 20:14:18 PT [2022/09/20 23:14:18 ET]
Table 'Lederle II' 9-max Seat #3 is the button
Seat 1: renansuguino1 ($11.99 in chips) 
Seat 2: Almanza63 ($4.79 in chips) 
Seat 3: Babakita ($0.38 in chips) 
Seat 6: ColinCave ($4.09 in chips) 
Seat 7: safebo ($9.46 in chips) 
Seat 8: Dorex2007 ($10.72 in chips) 
Seat 9: AGVsmarT ($9.23 in chips) 
ColinCave: posts small blind $0.02
safebo: posts big blind $0.05
*** HOLE CARDS ***
Dealt to Dorex2007 [8d 4h]
Dorex2007: folds 
PedroVitor87 leaves the table
AGVsmarT: folds 
renansuguino1: folds 
Almanza63: folds 
Babakita: raises $0.33 to $0.38 and is all-in
ColinCave: folds 
safebo: calls $0.33
*** FLOP *** [Qc 5c 7h]
*** TURN *** [Qc 5c 7h] [9h]
*** RIVER *** [Qc 5c 7h 9h] [3h]
*** SHOW DOWN ***
safebo: shows [6c Th] (high card Queen)
Babakita: shows [2s Js] (high card Queen - Jack kicker)
Babakita collected $0.75 from pot
*** SUMMARY ***
Total pot $0.78 | Rake $0.03 
Board [Qc 5c 7h 9h 3h]
Seat 1: renansuguino1 folded before Flop (didn't bet)
Seat 2: Almanza63 folded before Flop (didn't bet)
Seat 3: Babakita (button) showed [2s Js] and won ($0.75) with high card Queen
Seat 6: ColinCave (small blind) folded before Flop
Seat 7: safebo (big blind) showed [6c Th] and lost with high card Queen
Seat 8: Dorex2007 folded before Flop (didn't bet)
Seat 9: AGVsmarT folded before Flop (didn't bet)



PokerStars Hand #238763153747:  Hold'em No Limit ($0.02/$0.05 USD) - 2022/09/20 20:15:01 PT [2022/09/20 23:15:01 ET]
Table 'Lederle II' 9-max Seat #6 is the button
Seat 1: renansuguino1 ($11.99 in chips) 
Seat 2: Almanza63 ($4.79 in chips) 
Seat 3: Babakita ($0.75 in chips) 
Seat 6: ColinCave ($4.07 in chips) 
Seat 7: safebo ($9.08 in chips) 
Seat 8: Dorex2007 ($10.72 in chips) 
Seat 9: AGVsmarT ($9.23 in chips) 
safebo: posts small blind $0.02
Dorex2007: posts big blind $0.05
giuaraujo12: sits out 
*** HOLE CARDS ***
Dealt to Dorex2007 [3c 3h]
AGVsmarT: calls $0.05
renansuguino1: calls $0.05
Almanza63: folds 
Babakita: raises $0.70 to $0.75 and is all-in
ColinCave: folds 
safebo: folds 
Dorex2007: folds 
AGVsmarT: folds 
renansuguino1: calls $0.70
*** FLOP *** [Td Js 5h]
*** TURN *** [Td Js 5h] [Ad]
*** RIVER *** [Td Js 5h Ad] [5d]
u.e.b.o joins the table at seat #5 
*** SHOW DOWN ***
renansuguino1: shows [Ks Qs] (a straight, Ten to Ace)
Babakita: shows [7c 2d] (a pair of Fives)
renansuguino1 collected $1.55 from pot
*** SUMMARY ***
Total pot $1.62 | Rake $0.07 
Board [Td Js 5h Ad 5d]
Seat 1: renansuguino1 showed [Ks Qs] and won ($1.55) with a straight, Ten to Ace
Seat 2: Almanza63 folded before Flop (didn't bet)
Seat 3: Babakita showed [7c 2d] and lost with a pair of Fives
Seat 6: ColinCave (button) folded before Flop (didn't bet)
Seat 7: safebo (small blind) folded before Flop
Seat 8: Dorex2007 (big blind) folded before Flop
Seat 9: AGVsmarT folded before Flop



PokerStars Hand #238763157568:  Hold'em No Limit ($0.02/$0.05 USD) - 2022/09/20 20:15:27 PT [2022/09/20 23:15:27 ET]
Table 'Lederle II' 9-max Seat #7 is the button
Seat 1: renansuguino1 ($12.79 in chips) 
Seat 2: Almanza63 ($4.79 in chips) 
Seat 5: u.e.b.o ($5 in chips) 
Seat 6: ColinCave ($4.07 in chips) 
Seat 7: safebo ($9.06 in chips) 
Seat 8: Dorex2007 ($10.67 in chips) 
Seat 9: AGVsmarT ($9.18 in chips) 
Dorex2007: posts small blind $0.02
AGVsmarT: posts big blind $0.05
giuaraujo12: sits out 
u.e.b.o is connected 
u.e.b.o: posts big blind $0.05
*** HOLE CARDS ***
Dealt to Dorex2007 [2h 9h]
renansuguino1: folds 
Almanza63: folds 
u.e.b.o: checks 
ColinCave: calls $0.05
safebo: raises $0.10 to $0.15
Dorex2007: folds 
AGVsmarT: calls $0.10
u.e.b.o: folds 
ColinCave: calls $0.10
*** FLOP *** [Jc Td 8c]
AGVsmarT: checks 
ColinCave: bets $0.50
safebo: folds 
AGVsmarT: calls $0.50
*** TURN *** [Jc Td 8c] [Kh]
AGVsmarT: checks 
Babakita leaves the table
ColinCave: bets $0.73
AGVsmarT: folds 
Uncalled bet ($0.73) returned to ColinCave
ColinCave collected $1.46 from pot
*** SUMMARY ***
Total pot $1.52 | Rake $0.06 
Board [Jc Td 8c Kh]
Seat 1: renansuguino1 folded before Flop (didn't bet)
Seat 2: Almanza63 folded before Flop (didn't bet)
Seat 5: u.e.b.o folded before Flop (didn't bet)
Seat 6: ColinCave collected ($1.46)
Seat 7: safebo (button) folded on the Flop
Seat 8: Dorex2007 (small blind) folded before Flop
Seat 9: AGVsmarT (big blind) folded on the Turn



PokerStars Hand #238763168701:  Hold'em No Limit ($0.02/$0.05 USD) - 2022/09/20 20:16:40 PT [2022/09/20 23:16:40 ET]
Table 'Lederle II' 9-max Seat #8 is the button
Seat 1: renansuguino1 ($12.79 in chips) 
Seat 2: Almanza63 ($4.79 in chips) 
Seat 5: u.e.b.o ($4.95 in chips) 
Seat 6: ColinCave ($4.88 in chips) 
Seat 7: safebo ($8.91 in chips) 
Seat 8: Dorex2007 ($10.65 in chips) 
Seat 9: AGVsmarT ($8.53 in chips) 
AGVsmarT: posts small blind $0.02
renansuguino1: posts big blind $0.05
giuaraujo12: sits out 
*** HOLE CARDS ***
Dealt to Dorex2007 [3h 2d]
FACCHETADE$ joins the table at seat #3 
Almanza63: folds 
u.e.b.o: folds 
ColinCave: folds 
safebo: raises $0.10 to $0.15
Dorex2007: folds 
AGVsmarT: calls $0.13
renansuguino1: folds 
*** FLOP *** [5d 9c 3s]
AGVsmarT: checks 
safebo: bets $0.17
AGVsmarT: folds 
Uncalled bet ($0.17) returned to safebo
safebo collected $0.34 from pot
*** SUMMARY ***
Total pot $0.35 | Rake $0.01 
Board [5d 9c 3s]
Seat 1: renansuguino1 (big blind) folded before Flop
Seat 2: Almanza63 folded before Flop (didn't bet)
Seat 5: u.e.b.o folded before Flop (didn't bet)
Seat 6: ColinCave folded before Flop (didn't bet)
Seat 7: safebo collected ($0.34)
Seat 8: Dorex2007 (button) folded before Flop (didn't bet)
Seat 9: AGVsmarT (small blind) folded on the Flop



PokerStars Hand #238763173666:  Hold'em No Limit ($0.02/$0.05 USD) - 2022/09/20 20:17:13 PT [2022/09/20 23:17:13 ET]
Table 'Lederle II' 9-max Seat #9 is the button
Seat 1: renansuguino1 ($12.74 in chips) 
Seat 2: Almanza63 ($4.79 in chips) 
Seat 5: u.e.b.o ($4.95 in chips) 
Seat 6: ColinCave ($4.88 in chips) 
Seat 7: safebo ($9.10 in chips) 
Seat 8: Dorex2007 ($10.65 in chips) 
Seat 9: AGVsmarT ($8.38 in chips) 
renansuguino1: posts small blind $0.02
Almanza63: posts big blind $0.05
FACCHETADE$: sits out 
giuaraujo12: sits out 
*** HOLE CARDS ***
Dealt to Dorex2007 [As Jh]
u.e.b.o: folds 
ColinCave: raises $0.07 to $0.12
safebo: raises $0.31 to $0.43
Dorex2007: folds 
AGVsmarT: folds 
renansuguino1: folds 
Almanza63: folds 
ColinCave: calls $0.31
*** FLOP *** [Js Kh 8s]
ColinCave: checks 
safebo: bets $0.44
ColinCave: folds 
Uncalled bet ($0.44) returned to safebo
safebo collected $0.89 from pot
*** SUMMARY ***
Total pot $0.93 | Rake $0.04 
Board [Js Kh 8s]
Seat 1: renansuguino1 (small blind) folded before Flop
Seat 2: Almanza63 (big blind) folded before Flop
Seat 5: u.e.b.o folded before Flop (didn't bet)
Seat 6: ColinCave folded on the Flop
Seat 7: safebo collected ($0.89)
Seat 8: Dorex2007 folded before Flop (didn't bet)
Seat 9: AGVsmarT (button) folded before Flop (didn't bet)



PokerStars Hand #238763181364:  Hold'em No Limit ($0.02/$0.05 USD) - 2022/09/20 20:18:03 PT [2022/09/20 23:18:03 ET]
Table 'Lederle II' 9-max Seat #1 is the button
Seat 1: renansuguino1 ($12.72 in chips) 
Seat 2: Almanza63 ($4.74 in chips) 
Seat 3: FACCHETADE$ ($11.23 in chips) 
Seat 5: u.e.b.o ($4.95 in chips) 
Seat 6: ColinCave ($4.45 in chips) 
Seat 7: safebo ($9.56 in chips) 
Seat 8: Dorex2007 ($10.65 in chips) 
Seat 9: AGVsmarT ($8.38 in chips) 
Almanza63: posts small blind $0.02
FACCHETADE$: posts big blind $0.05
giuaraujo12: sits out 
*** HOLE CARDS ***
Dealt to Dorex2007 [8s Ad]
u.e.b.o: folds 
ColinCave: raises $0.07 to $0.12
safebo: folds 
Dorex2007: folds 
AGVsmarT: folds 
renansuguino1: calls $0.12
Almanza63: folds 
safebo leaves the table
FACCHETADE$: calls $0.07
*** FLOP *** [Ks Ac 2h]
FACCHETADE$: checks 
ColinCave: checks 
renansuguino1: checks 
*** TURN *** [Ks Ac 2h] [As]
FACCHETADE$: checks 
ColinCave: checks 
renansuguino1: checks 
*** RIVER *** [Ks Ac 2h As] [8h]
FACCHETADE$: checks 
ColinCave: checks 
renansuguino1: checks 
*** SHOW DOWN ***
FACCHETADE$: shows [2c Kd] (two pair, Aces and Kings)
ColinCave: mucks hand 
renansuguino1: mucks hand 
FACCHETADE$ collected $0.36 from pot
*** SUMMARY ***
Total pot $0.38 | Rake $0.02 
Board [Ks Ac 2h As 8h]
Seat 1: renansuguino1 (button) mucked [7h 5s]
Seat 2: Almanza63 (small blind) folded before Flop
Seat 3: FACCHETADE$ (big blind) showed [2c Kd] and won ($0.36) with two pair, Aces and Kings
Seat 5: u.e.b.o folded before Flop (didn't bet)
Seat 6: ColinCave mucked [Th Qd]
Seat 7: safebo folded before Flop (didn't bet)
Seat 8: Dorex2007 folded before Flop (didn't bet)
Seat 9: AGVsmarT folded before Flop (didn't bet)



PokerStars Hand #238763190145:  Hold'em No Limit ($0.02/$0.05 USD) - 2022/09/20 20:19:01 PT [2022/09/20 23:19:01 ET]
Table 'Lederle II' 9-max Seat #2 is the button
Seat 1: renansuguino1 ($12.60 in chips) 
Seat 2: Almanza63 ($4.72 in chips) 
Seat 3: FACCHETADE$ ($11.47 in chips) 
Seat 4: giuaraujo12 ($5 in chips) 
Seat 5: u.e.b.o ($4.95 in chips) 
Seat 6: ColinCave ($4.33 in chips) 
Seat 8: Dorex2007 ($10.65 in chips) 
Seat 9: AGVsmarT ($8.38 in chips) 
FACCHETADE$: posts small blind $0.02
giuaraujo12: posts big blind $0.05
*** HOLE CARDS ***
Dealt to Dorex2007 [Qd Th]
u.e.b.o: folds 
ColinCave: folds 
Dorex2007: folds 
AGVsmarT: folds 
renansuguino1: folds 
Almanza63: raises $0.10 to $0.15
FACCHETADE$: folds 
giuaraujo12: folds 
Uncalled bet ($0.10) returned to Almanza63
Almanza63 collected $0.12 from pot
Almanza63: doesn't show hand 
*** SUMMARY ***
Total pot $0.12 | Rake $0 
Seat 1: renansuguino1 folded before Flop (didn't bet)
Seat 2: Almanza63 (button) collected ($0.12)
Seat 3: FACCHETADE$ (small blind) folded before Flop
Seat 4: giuaraujo12 (big blind) folded before Flop
Seat 5: u.e.b.o folded before Flop (didn't bet)
Seat 6: ColinCave folded before Flop (didn't bet)
Seat 8: Dorex2007 folded before Flop (didn't bet)
Seat 9: AGVsmarT folded before Flop (didn't bet)



PokerStars Hand #238763193364:  Hold'em No Limit ($0.02/$0.05 USD) - 2022/09/20 20:19:23 PT [2022/09/20 23:19:23 ET]
Table 'Lederle II' 9-max Seat #3 is the button
Seat 1: renansuguino1 ($12.60 in chips) 
Seat 2: Almanza63 ($4.79 in chips) 
Seat 3: FACCHETADE$ ($11.45 in chips) 
Seat 4: giuaraujo12 ($4.95 in chips) 
Seat 5: u.e.b.o ($4.95 in chips) 
Seat 6: ColinCave ($4.33 in chips) 
Seat 8: Dorex2007 ($10.65 in chips) 
Seat 9: AGVsmarT ($8.38 in chips) 
giuaraujo12: posts small blind $0.02
u.e.b.o: posts big blind $0.05
*** HOLE CARDS ***
Dealt to Dorex2007 [7d 8h]
ColinCave: folds 
Dorex2007: folds 
AGVsmarT: folds 
renansuguino1: folds 
ColinCave leaves the table
Almanza63: folds 
FACCHETADE$: folds 
giuaraujo12: folds 
Uncalled bet ($0.03) returned to u.e.b.o
u.e.b.o collected $0.04 from pot
*** SUMMARY ***
Total pot $0.04 | Rake $0 
Seat 1: renansuguino1 folded before Flop (didn't bet)
Seat 2: Almanza63 folded before Flop (didn't bet)
Seat 3: FACCHETADE$ (button) folded before Flop (didn't bet)
Seat 4: giuaraujo12 (small blind) folded before Flop
Seat 5: u.e.b.o (big blind) collected ($0.04)
Seat 6: ColinCave folded before Flop (didn't bet)
Seat 8: Dorex2007 folded before Flop (didn't bet)
Seat 9: AGVsmarT folded before Flop (didn't bet)



PokerStars Hand #238763196231:  Hold'em No Limit ($0.02/$0.05 USD) - 2022/09/20 20:19:42 PT [2022/09/20 23:19:42 ET]
Table 'Lederle II' 9-max Seat #4 is the button
Seat 1: renansuguino1 ($12.60 in chips) 
Seat 2: Almanza63 ($4.79 in chips) 
Seat 3: FACCHETADE$ ($11.45 in chips) 
Seat 4: giuaraujo12 ($4.93 in chips) 
Seat 5: u.e.b.o ($4.97 in chips) 
Seat 8: Dorex2007 ($10.65 in chips) 
Seat 9: AGVsmarT ($8.38 in chips) 
u.e.b.o: posts small blind $0.02
Dorex2007: posts big blind $0.05
*** HOLE CARDS ***
Dealt to Dorex2007 [5s Ac]
AGVsmarT: calls $0.05
renansuguino1: folds 
Almanza63: folds 
Thekid2809 joins the table at seat #6 
FACCHETADE$: folds 
giuaraujo12: calls $0.05
u.e.b.o: calls $0.03
Dorex2007: checks 
*** FLOP *** [Qh 7d 8d]
u.e.b.o: checks 
Dorex2007: checks 
AGVsmarT: checks 
giuaraujo12: bets $0.10
u.e.b.o: folds 
Dorex2007: folds 
AGVsmarT: folds 
Uncalled bet ($0.10) returned to giuaraujo12
giuaraujo12 collected $0.19 from pot
*** SUMMARY ***
Total pot $0.20 | Rake $0.01 
Board [Qh 7d 8d]
Seat 1: renansuguino1 folded before Flop (didn't bet)
Seat 2: Almanza63 folded before Flop (didn't bet)
Seat 3: FACCHETADE$ folded before Flop (didn't bet)
Seat 4: giuaraujo12 (button) collected ($0.19)
Seat 5: u.e.b.o (small blind) folded on the Flop
Seat 8: Dorex2007 (big blind) folded on the Flop
Seat 9: AGVsmarT folded on the Flop



PokerStars Hand #238763202394:  Hold'em No Limit ($0.02/$0.05 USD) - 2022/09/20 20:20:24 PT [2022/09/20 23:20:24 ET]
Table 'Lederle II' 9-max Seat #5 is the button
Seat 1: renansuguino1 ($12.60 in chips) 
Seat 2: Almanza63 ($4.79 in chips) 
Seat 3: FACCHETADE$ ($11.45 in chips) 
Seat 4: giuaraujo12 ($5.07 in chips) 
Seat 5: u.e.b.o ($4.92 in chips) 
Seat 8: Dorex2007 ($10.60 in chips) 
Seat 9: AGVsmarT ($8.33 in chips) 
Dorex2007: posts small blind $0.02
AGVsmarT: posts big blind $0.05
*** HOLE CARDS ***
Dealt to Dorex2007 [Jc Ts]
renansuguino1: folds 
Almanza63: folds 
FACCHETADE$: folds 
giuaraujo12: raises $0.10 to $0.15
u.e.b.o: folds 
Dorex2007: folds 
AGVsmarT: calls $0.10
*** FLOP *** [4h Jh Ac]
AGVsmarT: bets $0.10
giuaraujo12: calls $0.10
*** TURN *** [4h Jh Ac] [7h]
AGVsmarT: checks 
giuaraujo12: bets $0.25
AGVsmarT: folds 
Uncalled bet ($0.25) returned to giuaraujo12
giuaraujo12 collected $0.50 from pot
TrapazoidMan joins the table at seat #7 
*** SUMMARY ***
Total pot $0.52 | Rake $0.02 
Board [4h Jh Ac 7h]
Seat 1: renansuguino1 folded before Flop (didn't bet)
Seat 2: Almanza63 folded before Flop (didn't bet)
Seat 3: FACCHETADE$ folded before Flop (didn't bet)
Seat 4: giuaraujo12 collected ($0.50)
Seat 5: u.e.b.o (button) folded before Flop (didn't bet)
Seat 8: Dorex2007 (small blind) folded before Flop
Seat 9: AGVsmarT (big blind) folded on the Turn



PokerStars Hand #238763208730:  Hold'em No Limit ($0.02/$0.05 USD) - 2022/09/20 20:21:06 PT [2022/09/20 23:21:06 ET]
Table 'Lederle II' 9-max Seat #8 is the button
Seat 1: renansuguino1 ($12.60 in chips) 
Seat 2: Almanza63 ($4.79 in chips) 
Seat 3: FACCHETADE$ ($11.45 in chips) 
Seat 4: giuaraujo12 ($5.32 in chips) 
Seat 5: u.e.b.o ($4.92 in chips) 
Seat 8: Dorex2007 ($10.58 in chips) 
Seat 9: AGVsmarT ($8.08 in chips) 
AGVsmarT: posts small blind $0.02
renansuguino1: posts big blind $0.05
Thekid2809 has timed out
Thekid2809: is sitting out 
TrapazoidMan: sits out 
*** HOLE CARDS ***
Dealt to Dorex2007 [8s 4s]
Almanza63: folds 
Thekid2809 is disconnected 
FACCHETADE$: folds 
giuaraujo12: folds 
u.e.b.o: folds 
Dorex2007: folds 
AGVsmarT: folds 
Uncalled bet ($0.03) returned to renansuguino1
renansuguino1 collected $0.04 from pot
*** SUMMARY ***
Total pot $0.04 | Rake $0 
Seat 1: renansuguino1 (big blind) collected ($0.04)
Seat 2: Almanza63 folded before Flop (didn't bet)
Seat 3: FACCHETADE$ folded before Flop (didn't bet)
Seat 4: giuaraujo12 folded before Flop (didn't bet)
Seat 5: u.e.b.o folded before Flop (didn't bet)
Seat 8: Dorex2007 (button) folded before Flop (didn't bet)
Seat 9: AGVsmarT (small blind) folded before Flop



PokerStars Hand #238763213335:  Hold'em No Limit ($0.02/$0.05 USD) - 2022/09/20 20:21:37 PT [2022/09/20 23:21:37 ET]
Table 'Lederle II' 9-max Seat #9 is the button
Seat 1: renansuguino1 ($12.62 in chips) 
Seat 2: Almanza63 ($4.79 in chips) 
Seat 3: FACCHETADE$ ($11.45 in chips) 
Seat 4: giuaraujo12 ($5.32 in chips) 
Seat 5: u.e.b.o ($4.92 in chips) 
Seat 7: TrapazoidMan ($2 in chips) 
Seat 8: Dorex2007 ($10.58 in chips) 
Seat 9: AGVsmarT ($8.06 in chips) 
renansuguino1: posts small blind $0.02
Almanza63: posts big blind $0.05
TrapazoidMan: posts big blind $0.05
*** HOLE CARDS ***
Dealt to Dorex2007 [7d Kc]
FACCHETADE$: folds 
giuaraujo12: folds 
u.e.b.o: raises $0.15 to $0.20
TrapazoidMan: calls $0.15
Dorex2007: folds 
AGVsmarT: folds 
renansuguino1: calls $0.18
Almanza63: folds 
*** FLOP *** [4d 6c Jd]
renansuguino1: checks 
u.e.b.o: bets $0.42
TrapazoidMan: calls $0.42
renansuguino1: folds 
*** TURN *** [4d 6c Jd] [Tc]
u.e.b.o: bets $4.30 and is all-in
TrapazoidMan: calls $1.38 and is all-in
Uncalled bet ($2.92) returned to u.e.b.o
*** RIVER *** [4d 6c Jd Tc] [Ts]
*** SHOW DOWN ***
u.e.b.o: shows [Kh Jc] (two pair, Jacks and Tens)
TrapazoidMan: shows [6h 8h] (two pair, Tens and Sixes)
u.e.b.o collected $4.07 from pot
*** SUMMARY ***
Total pot $4.25 | Rake $0.18 
Board [4d 6c Jd Tc Ts]
Seat 1: renansuguino1 (small blind) folded on the Flop
Seat 2: Almanza63 (big blind) folded before Flop
Seat 3: FACCHETADE$ folded before Flop (didn't bet)
Seat 4: giuaraujo12 folded before Flop (didn't bet)
Seat 5: u.e.b.o showed [Kh Jc] and won ($4.07) with two pair, Jacks and Tens
Seat 7: TrapazoidMan showed [6h 8h] and lost with two pair, Tens and Sixes
Seat 8: Dorex2007 folded before Flop (didn't bet)
Seat 9: AGVsmarT (button) folded before Flop (didn't bet)



PokerStars Hand #238763221290:  Hold'em No Limit ($0.02/$0.05 USD) - 2022/09/20 20:22:29 PT [2022/09/20 23:22:29 ET]
Table 'Lederle II' 9-max Seat #1 is the button
Seat 1: renansuguino1 ($12.42 in chips) 
Seat 2: Almanza63 ($4.74 in chips) 
Seat 3: FACCHETADE$ ($11.45 in chips) 
Seat 4: giuaraujo12 ($5.32 in chips) 
Seat 5: u.e.b.o ($6.99 in chips) 
Seat 8: Dorex2007 ($10.58 in chips) 
Seat 9: AGVsmarT ($8.06 in chips) 
Almanza63: posts small blind $0.02
FACCHETADE$: posts big blind $0.05
*** HOLE CARDS ***
Dealt to Dorex2007 [3d Jc]
giuaraujo12: folds 
u.e.b.o: folds 
Dorex2007: folds 
AGVsmarT: calls $0.05
renansuguino1: raises $0.17 to $0.22
Almanza63: folds 
FACCHETADE$: folds 
AGVsmarT: folds 
Uncalled bet ($0.17) returned to renansuguino1
renansuguino1 collected $0.17 from pot
*** SUMMARY ***
Total pot $0.17 | Rake $0 
Seat 1: renansuguino1 (button) collected ($0.17)
Seat 2: Almanza63 (small blind) folded before Flop
Seat 3: FACCHETADE$ (big blind) folded before Flop
Seat 4: giuaraujo12 folded before Flop (didn't bet)
Seat 5: u.e.b.o folded before Flop (didn't bet)
Seat 8: Dorex2007 folded before Flop (didn't bet)
Seat 9: AGVsmarT folded before Flop



PokerStars Hand #238763226132:  Hold'em No Limit ($0.02/$0.05 USD) - 2022/09/20 20:23:02 PT [2022/09/20 23:23:02 ET]
Table 'Lederle II' 9-max Seat #2 is the button
Seat 1: renansuguino1 ($12.54 in chips) 
Seat 2: Almanza63 ($4.72 in chips) 
Seat 3: FACCHETADE$ ($11.40 in chips) 
Seat 4: giuaraujo12 ($5.32 in chips) 
Seat 5: u.e.b.o ($6.99 in chips) 
Seat 6: Thekid2809 ($2.78 in chips) 
Seat 8: Dorex2007 ($10.58 in chips) 
Seat 9: AGVsmarT ($8.01 in chips) 
FACCHETADE$: posts small blind $0.02
giuaraujo12: posts big blind $0.05
Thekid2809: posts big blind $0.05
*** HOLE CARDS ***
Dealt to Dorex2007 [4c Qh]
u.e.b.o: folds 
Thekid2809: checks 
Dorex2007: folds 
AGVsmarT: folds 
renansuguino1: raises $0.15 to $0.20
Almanza63: folds 
FACCHETADE$: folds 
giuaraujo12: calls $0.15
Thekid2809: calls $0.15
*** FLOP *** [Ks Qs 3s]
giuaraujo12: checks 
Thekid2809: bets $0.10
renansuguino1: folds 
giuaraujo12: calls $0.10
*** TURN *** [Ks Qs 3s] [6d]
giuaraujo12: checks 
barnz5544 joins the table at seat #7 
Thekid2809: bets $0.30
giuaraujo12: calls $0.30
*** RIVER *** [Ks Qs 3s 6d] [5h]
giuaraujo12: checks 
Thekid2809: bets $0.60
giuaraujo12: calls $0.60
*** SHOW DOWN ***
Thekid2809: shows [3c Tc] (a pair of Threes)
giuaraujo12: shows [Kc Ah] (a pair of Kings)
giuaraujo12 collected $2.51 from pot
*** SUMMARY ***
Total pot $2.62 | Rake $0.11 
Board [Ks Qs 3s 6d 5h]
Seat 1: renansuguino1 folded on the Flop
Seat 2: Almanza63 (button) folded before Flop (didn't bet)
Seat 3: FACCHETADE$ (small blind) folded before Flop
Seat 4: giuaraujo12 (big blind) showed [Kc Ah] and won ($2.51) with a pair of Kings
Seat 5: u.e.b.o folded before Flop (didn't bet)
Seat 6: Thekid2809 showed [3c Tc] and lost with a pair of Threes
Seat 8: Dorex2007 folded before Flop (didn't bet)
Seat 9: AGVsmarT folded before Flop (didn't bet)



PokerStars Hand #238763236992:  Hold'em No Limit ($0.02/$0.05 USD) - 2022/09/20 20:24:14 PT [2022/09/20 23:24:14 ET]
Table 'Lederle II' 9-max Seat #3 is the button
Seat 1: renansuguino1 ($12.34 in chips) 
Seat 2: Almanza63 ($4.72 in chips) 
Seat 3: FACCHETADE$ ($11.38 in chips) 
Seat 4: giuaraujo12 ($6.63 in chips) 
Seat 5: u.e.b.o ($6.99 in chips) 
Seat 6: Thekid2809 ($1.58 in chips) 
Seat 7: barnz5544 ($4.59 in chips) 
Seat 8: Dorex2007 ($10.58 in chips) 
Seat 9: AGVsmarT ($8.01 in chips) 
giuaraujo12: posts small blind $0.02
u.e.b.o: posts big blind $0.05
barnz5544: posts big blind $0.05
*** HOLE CARDS ***
Dealt to Dorex2007 [Ac 5s]
Thekid2809: folds 
barnz5544: checks 
Dorex2007: folds 
AGVsmarT: raises $0.17 to $0.22
renansuguino1: calls $0.22
Almanza63: folds 
FACCHETADE$: folds 
giuaraujo12: folds 
u.e.b.o: calls $0.17
barnz5544: folds 
*** FLOP *** [8d 3s Th]
u.e.b.o: checks 
AGVsmarT: bets $0.35
renansuguino1: calls $0.35
u.e.b.o: folds 
*** TURN *** [8d 3s Th] [7h]
AGVsmarT: bets $0.68
renansuguino1: calls $0.68
*** RIVER *** [8d 3s Th 7h] [9c]
AGVsmarT: bets $0.30
renansuguino1: calls $0.30
*** SHOW DOWN ***
AGVsmarT: shows [Qd Qs] (a pair of Queens)
renansuguino1: shows [8s 7s] (two pair, Eights and Sevens)
renansuguino1 collected $3.25 from pot
*** SUMMARY ***
Total pot $3.39 | Rake $0.14 
Board [8d 3s Th 7h 9c]
Seat 1: renansuguino1 showed [8s 7s] and won ($3.25) with two pair, Eights and Sevens
Seat 2: Almanza63 folded before Flop (didn't bet)
Seat 3: FACCHETADE$ (button) folded before Flop (didn't bet)
Seat 4: giuaraujo12 (small blind) folded before Flop
Seat 5: u.e.b.o (big blind) folded on the Flop
Seat 6: Thekid2809 folded before Flop (didn't bet)
Seat 7: barnz5544 folded before Flop (didn't bet)
Seat 8: Dorex2007 folded before Flop (didn't bet)
Seat 9: AGVsmarT showed [Qd Qs] and lost with a pair of Queens



PokerStars Hand #238763246414:  Hold'em No Limit ($0.02/$0.05 USD) - 2022/09/20 20:25:19 PT [2022/09/20 23:25:19 ET]
Table 'Lederle II' 9-max Seat #4 is the button
Seat 1: renansuguino1 ($14.04 in chips) 
Seat 2: Almanza63 ($4.72 in chips) 
Seat 3: FACCHETADE$ ($11.38 in chips) 
Seat 4: giuaraujo12 ($6.61 in chips) 
Seat 5: u.e.b.o ($6.77 in chips) 
Seat 6: Thekid2809 ($1.58 in chips) 
Seat 7: barnz5544 ($4.54 in chips) 
Seat 8: Dorex2007 ($10.58 in chips) 
Seat 9: AGVsmarT ($6.46 in chips) 
u.e.b.o: posts small blind $0.02
Thekid2809: posts big blind $0.05
*** HOLE CARDS ***
Dealt to Dorex2007 [Tc 4c]
barnz5544: folds 
Dorex2007: folds 
AGVsmarT: folds 
renansuguino1: folds 
Almanza63: folds 
FACCHETADE$: folds 
giuaraujo12: folds 
u.e.b.o: calls $0.03
Thekid2809: checks 
*** FLOP *** [Th 9s 8s]
u.e.b.o: checks 
Thekid2809: bets $0.05
u.e.b.o: folds 
Uncalled bet ($0.05) returned to Thekid2809
Thekid2809 collected $0.10 from pot
*** SUMMARY ***
Total pot $0.10 | Rake $0 
Board [Th 9s 8s]
Seat 1: renansuguino1 folded before Flop (didn't bet)
Seat 2: Almanza63 folded before Flop (didn't bet)
Seat 3: FACCHETADE$ folded before Flop (didn't bet)
Seat 4: giuaraujo12 (button) folded before Flop (didn't bet)
Seat 5: u.e.b.o (small blind) folded on the Flop
Seat 6: Thekid2809 (big blind) collected ($0.10)
Seat 7: barnz5544 folded before Flop (didn't bet)
Seat 8: Dorex2007 folded before Flop (didn't bet)
Seat 9: AGVsmarT folded before Flop (didn't bet)



PokerStars Hand #238763251904:  Hold'em No Limit ($0.02/$0.05 USD) - 2022/09/20 20:25:57 PT [2022/09/20 23:25:57 ET]
Table 'Lederle II' 9-max Seat #5 is the button
Seat 1: renansuguino1 ($14.04 in chips) 
Seat 2: Almanza63 ($4.72 in chips) 
Seat 3: FACCHETADE$ ($11.38 in chips) 
Seat 4: giuaraujo12 ($6.61 in chips) 
Seat 5: u.e.b.o ($6.72 in chips) 
Seat 6: Thekid2809 ($1.63 in chips) 
Seat 7: barnz5544 ($4.54 in chips) 
Seat 8: Dorex2007 ($10.58 in chips) 
Seat 9: AGVsmarT ($6.46 in chips) 
Thekid2809: posts small blind $0.02
barnz5544: posts big blind $0.05
*** HOLE CARDS ***
Dealt to Dorex2007 [3d 9c]
Dorex2007: folds 
AGVsmarT: calls $0.05
renansuguino1: folds 
Almanza63: folds 
FACCHETADE$: folds 
giuaraujo12: folds 
u.e.b.o: folds 
Thekid2809: calls $0.03
barnz5544: checks 
*** FLOP *** [6d 3h Tc]
Thekid2809: checks 
barnz5544: checks 
AGVsmarT: checks 
*** TURN *** [6d 3h Tc] [7d]
Thekid2809: bets $0.05
barnz5544: folds 
AGVsmarT: calls $0.05
*** RIVER *** [6d 3h Tc 7d] [Ts]
Thekid2809: bets $0.10
AGVsmarT: folds 
Uncalled bet ($0.10) returned to Thekid2809
Thekid2809 collected $0.24 from pot
*** SUMMARY ***
Total pot $0.25 | Rake $0.01 
Board [6d 3h Tc 7d Ts]
Seat 1: renansuguino1 folded before Flop (didn't bet)
Seat 2: Almanza63 folded before Flop (didn't bet)
Seat 3: FACCHETADE$ folded before Flop (didn't bet)
Seat 4: giuaraujo12 folded before Flop (didn't bet)
Seat 5: u.e.b.o (button) folded before Flop (didn't bet)
Seat 6: Thekid2809 (small blind) collected ($0.24)
Seat 7: barnz5544 (big blind) folded on the Turn
Seat 8: Dorex2007 folded before Flop (didn't bet)
Seat 9: AGVsmarT folded on the River



PokerStars Hand #238763260477:  Hold'em No Limit ($0.02/$0.05 USD) - 2022/09/20 20:26:55 PT [2022/09/20 23:26:55 ET]
Table 'Lederle II' 9-max Seat #6 is the button
Seat 1: renansuguino1 ($14.04 in chips) 
Seat 2: Almanza63 ($5 in chips) 
Seat 3: FACCHETADE$ ($11.38 in chips) 
Seat 4: giuaraujo12 ($6.61 in chips) 
Seat 5: u.e.b.o ($6.72 in chips) 
Seat 6: Thekid2809 ($1.77 in chips) 
Seat 7: barnz5544 ($4.49 in chips) 
Seat 8: Dorex2007 ($10.58 in chips) 
Seat 9: AGVsmarT ($6.36 in chips) 
barnz5544: posts small blind $0.02
Dorex2007: posts big blind $0.05
*** HOLE CARDS ***
Dealt to Dorex2007 [3c Qd]
AGVsmarT: folds 
renansuguino1: raises $0.10 to $0.15
Almanza63: folds 
FACCHETADE$: folds 
giuaraujo12: folds 
u.e.b.o: folds 
Thekid2809: calls $0.15
barnz5544: folds 
Dorex2007: folds 
*** FLOP *** [9c As 5c]
renansuguino1: checks 
Thekid2809: checks 
*** TURN *** [9c As 5c] [Ah]
renansuguino1: bets $0.15
Thekid2809: folds 
Uncalled bet ($0.15) returned to renansuguino1
renansuguino1 collected $0.35 from pot
*** SUMMARY ***
Total pot $0.37 | Rake $0.02 
Board [9c As 5c Ah]
Seat 1: renansuguino1 collected ($0.35)
Seat 2: Almanza63 folded before Flop (didn't bet)
Seat 3: FACCHETADE$ folded before Flop (didn't bet)
Seat 4: giuaraujo12 folded before Flop (didn't bet)
Seat 5: u.e.b.o folded before Flop (didn't bet)
Seat 6: Thekid2809 (button) folded on the Turn
Seat 7: barnz5544 (small blind) folded before Flop
Seat 8: Dorex2007 (big blind) folded before Flop
Seat 9: AGVsmarT folded before Flop (didn't bet)



PokerStars Hand #238763268060:  Hold'em No Limit ($0.02/$0.05 USD) - 2022/09/20 20:27:48 PT [2022/09/20 23:27:48 ET]
Table 'Lederle II' 9-max Seat #7 is the button
Seat 1: renansuguino1 ($14.24 in chips) 
Seat 2: Almanza63 ($5 in chips) 
Seat 3: FACCHETADE$ ($11.38 in chips) 
Seat 4: giuaraujo12 ($6.61 in chips) 
Seat 5: u.e.b.o ($6.72 in chips) 
Seat 6: Thekid2809 ($1.62 in chips) 
Seat 7: barnz5544 ($4.47 in chips) 
Seat 8: Dorex2007 ($10.53 in chips) 
Seat 9: AGVsmarT ($6.36 in chips) 
Dorex2007: posts small blind $0.02
AGVsmarT: posts big blind $0.05
*** HOLE CARDS ***
Dealt to Dorex2007 [Kd Js]
renansuguino1: folds 
Almanza63: folds 
FACCHETADE$: folds 
giuaraujo12: folds 
u.e.b.o: folds 
Thekid2809: folds 
barnz5544: folds 
Dorex2007: folds 
Uncalled bet ($0.03) returned to AGVsmarT
AGVsmarT collected $0.04 from pot
*** SUMMARY ***
Total pot $0.04 | Rake $0 
Seat 1: renansuguino1 folded before Flop (didn't bet)
Seat 2: Almanza63 folded before Flop (didn't bet)
Seat 3: FACCHETADE$ folded before Flop (didn't bet)
Seat 4: giuaraujo12 folded before Flop (didn't bet)
Seat 5: u.e.b.o folded before Flop (didn't bet)
Seat 6: Thekid2809 folded before Flop (didn't bet)
Seat 7: barnz5544 (button) folded before Flop (didn't bet)
Seat 8: Dorex2007 (small blind) folded before Flop
Seat 9: AGVsmarT (big blind) collected ($0.04)



PokerStars Hand #238763270878:  Hold'em No Limit ($0.02/$0.05 USD) - 2022/09/20 20:28:08 PT [2022/09/20 23:28:08 ET]
Table 'Lederle II' 9-max Seat #8 is the button
Seat 1: renansuguino1 ($14.24 in chips) 
Seat 2: Almanza63 ($5 in chips) 
Seat 3: FACCHETADE$ ($11.38 in chips) 
Seat 4: giuaraujo12 ($6.61 in chips) 
Seat 5: u.e.b.o ($6.72 in chips) 
Seat 6: Thekid2809 ($1.62 in chips) 
Seat 7: barnz5544 ($4.47 in chips) 
Seat 8: Dorex2007 ($10.51 in chips) 
AGVsmarT has timed out
AGVsmarT: is sitting out 
renansuguino1: posts small blind $0.02
Almanza63: posts big blind $0.05
*** HOLE CARDS ***
Dealt to Dorex2007 [4s 8s]
FACCHETADE$: folds 
AGVsmarT is disconnected 
giuaraujo12: calls $0.05
u.e.b.o: raises $0.15 to $0.20
Thekid2809: folds 
barnz5544 has timed out
barnz5544: folds 
Dorex2007: folds 
renansuguino1: folds 
Almanza63: folds 
giuaraujo12: folds 
Uncalled bet ($0.15) returned to u.e.b.o
u.e.b.o collected $0.17 from pot
*** SUMMARY ***
Total pot $0.17 | Rake $0 
Seat 1: renansuguino1 (small blind) folded before Flop
Seat 2: Almanza63 (big blind) folded before Flop
Seat 3: FACCHETADE$ folded before Flop (didn't bet)
Seat 4: giuaraujo12 folded before Flop
Seat 5: u.e.b.o collected ($0.17)
Seat 6: Thekid2809 folded before Flop (didn't bet)
Seat 7: barnz5544 folded before Flop (didn't bet)
Seat 8: Dorex2007 (button) folded before Flop (didn't bet)



PokerStars Hand #238763278128:  Hold'em No Limit ($0.02/$0.05 USD) - 2022/09/20 20:28:58 PT [2022/09/20 23:28:58 ET]
Table 'Lederle II' 9-max Seat #1 is the button
Seat 1: renansuguino1 ($14.22 in chips) 
Seat 2: Almanza63 ($4.95 in chips) 
Seat 3: FACCHETADE$ ($11.38 in chips) 
Seat 4: giuaraujo12 ($6.56 in chips) 
Seat 5: u.e.b.o ($6.84 in chips) 
Seat 6: Thekid2809 ($1.62 in chips) 
Seat 7: barnz5544 ($4.47 in chips) 
Seat 8: Dorex2007 ($10.51 in chips) 
Almanza63: posts small blind $0.02
FACCHETADE$: posts big blind $0.05
AGVsmarT: sits out 
*** HOLE CARDS ***
Dealt to Dorex2007 [4h 2s]
giuaraujo12: folds 
u.e.b.o: folds 
Thekid2809: raises $0.05 to $0.10
barnz5544: folds 
Dorex2007: folds 
renansuguino1: folds 
Almanza63: folds 
FACCHETADE$: calls $0.05
*** FLOP *** [Qh Qs Qd]
FACCHETADE$: checks 
Thekid2809: bets $0.10
FACCHETADE$: folds 
Uncalled bet ($0.10) returned to Thekid2809
Thekid2809 collected $0.21 from pot
*** SUMMARY ***
Total pot $0.22 | Rake $0.01 
Board [Qh Qs Qd]
Seat 1: renansuguino1 (button) folded before Flop (didn't bet)
Seat 2: Almanza63 (small blind) folded before Flop
Seat 3: FACCHETADE$ (big blind) folded on the Flop
Seat 4: giuaraujo12 folded before Flop (didn't bet)
Seat 5: u.e.b.o folded before Flop (didn't bet)
Seat 6: Thekid2809 collected ($0.21)
Seat 7: barnz5544 folded before Flop (didn't bet)
Seat 8: Dorex2007 folded before Flop (didn't bet)



PokerStars Hand #238763283534:  Hold'em No Limit ($0.02/$0.05 USD) - 2022/09/20 20:29:35 PT [2022/09/20 23:29:35 ET]
Table 'Lederle II' 9-max Seat #2 is the button
Seat 1: renansuguino1 ($14.22 in chips) 
Seat 2: Almanza63 ($4.93 in chips) 
Seat 3: FACCHETADE$ ($11.28 in chips) 
Seat 4: giuaraujo12 ($6.56 in chips) 
Seat 5: u.e.b.o ($6.84 in chips) 
Seat 6: Thekid2809 ($1.73 in chips) 
Seat 7: barnz5544 ($4.47 in chips) 
Seat 8: Dorex2007 ($10.51 in chips) 
FACCHETADE$: posts small blind $0.02
giuaraujo12: posts big blind $0.05
AGVsmarT: sits out 
*** HOLE CARDS ***
Dealt to Dorex2007 [2h 8s]
u.e.b.o: raises $0.11 to $0.16
Thekid2809: folds 
barnz5544: folds 
Dorex2007: folds 
renansuguino1: calls $0.16
Almanza63: folds 
FACCHETADE$: folds 
giuaraujo12: folds 
*** FLOP *** [Kc 2d 9h]
u.e.b.o: bets $0.18
renansuguino1: calls $0.18
*** TURN *** [Kc 2d 9h] [Ad]
u.e.b.o: checks 
renansuguino1: bets $0.36
u.e.b.o: folds 
Uncalled bet ($0.36) returned to renansuguino1
renansuguino1 collected $0.72 from pot
*** SUMMARY ***
Total pot $0.75 | Rake $0.03 
Board [Kc 2d 9h Ad]
Seat 1: renansuguino1 collected ($0.72)
Seat 2: Almanza63 (button) folded before Flop (didn't bet)
Seat 3: FACCHETADE$ (small blind) folded before Flop
Seat 4: giuaraujo12 (big blind) folded before Flop
Seat 5: u.e.b.o folded on the Turn
Seat 6: Thekid2809 folded before Flop (didn't bet)
Seat 7: barnz5544 folded before Flop (didn't bet)
Seat 8: Dorex2007 folded before Flop (didn't bet)



PokerStars Hand #238763290008:  Hold'em No Limit ($0.02/$0.05 USD) - 2022/09/20 20:30:21 PT [2022/09/20 23:30:21 ET]
Table 'Lederle II' 9-max Seat #3 is the button
Seat 1: renansuguino1 ($14.60 in chips) 
Seat 2: Almanza63 ($4.93 in chips) 
Seat 3: FACCHETADE$ ($11.26 in chips) 
Seat 4: giuaraujo12 ($6.51 in chips) 
Seat 5: u.e.b.o ($6.50 in chips) 
Seat 6: Thekid2809 ($1.73 in chips) 
Seat 7: barnz5544 ($4.47 in chips) 
Seat 8: Dorex2007 ($10.51 in chips) 
giuaraujo12: posts small blind $0.02
u.e.b.o: posts big blind $0.05
AGVsmarT: sits out 
*** HOLE CARDS ***
Dealt to Dorex2007 [9d Kc]
Thekid2809: folds 
barnz5544: raises $0.05 to $0.10
Dorex2007: folds 
renansuguino1: calls $0.10
Almanza63: calls $0.10
FACCHETADE$: folds 
giuaraujo12: folds 
u.e.b.o: calls $0.05
*** FLOP *** [5h 2s 3s]
u.e.b.o: checks 
barnz5544: checks 
renansuguino1: bets $0.25
Almanza63: calls $0.25
u.e.b.o: calls $0.25
barnz5544: calls $0.25
*** TURN *** [5h 2s 3s] [7h]
u.e.b.o: bets $0.92
barnz5544: folds 
renansuguino1: calls $0.92
Almanza63: calls $0.92
*** RIVER *** [5h 2s 3s 7h] [Js]
u.e.b.o: checks 
renansuguino1: bets $3
Almanza63: folds 
u.e.b.o: folds 
Uncalled bet ($3) returned to renansuguino1
renansuguino1 collected $4.01 from pot
*** SUMMARY ***
Total pot $4.18 | Rake $0.17 
Board [5h 2s 3s 7h Js]
Seat 1: renansuguino1 collected ($4.01)
Seat 2: Almanza63 folded on the River
Seat 3: FACCHETADE$ (button) folded before Flop (didn't bet)
Seat 4: giuaraujo12 (small blind) folded before Flop
Seat 5: u.e.b.o (big blind) folded on the River
Seat 6: Thekid2809 folded before Flop (didn't bet)
Seat 7: barnz5544 folded on the Turn
Seat 8: Dorex2007 folded before Flop (didn't bet)



PokerStars Hand #238763306507:  Hold'em No Limit ($0.02/$0.05 USD) - 2022/09/20 20:32:16 PT [2022/09/20 23:32:16 ET]
Table 'Lederle II' 9-max Seat #4 is the button
Seat 1: renansuguino1 ($17.34 in chips) 
Seat 2: Almanza63 ($5 in chips) 
Seat 3: FACCHETADE$ ($11.26 in chips) 
Seat 4: giuaraujo12 ($6.49 in chips) 
Seat 5: u.e.b.o ($5.23 in chips) 
Seat 6: Thekid2809 ($1.73 in chips) 
Seat 7: barnz5544 ($4.12 in chips) 
Seat 8: Dorex2007 ($10.51 in chips) 
u.e.b.o: posts small blind $0.02
Thekid2809: posts big blind $0.05
AGVsmarT: sits out 
*** HOLE CARDS ***
Dealt to Dorex2007 [2h 2c]
barnz5544: raises $0.05 to $0.10
Dorex2007: folds 
renansuguino1: folds 
Almanza63: folds 
FACCHETADE$: calls $0.10
giuaraujo12: folds 
u.e.b.o: folds 
Thekid2809: calls $0.05
*** FLOP *** [Kh 3d 9d]
Thekid2809: checks 
barnz5544: checks 
FACCHETADE$: bets $0.31
Thekid2809: calls $0.31
barnz5544: folds 
*** TURN *** [Kh 3d 9d] [7h]
barnz5544 leaves the table
Thekid2809: checks 
FACCHETADE$: bets $0.90
Thekid2809: raises $0.42 to $1.32 and is all-in
FACCHETADE$: calls $0.42
M@xium70 joins the table at seat #7 
*** RIVER *** [Kh 3d 9d 7h] [3h]
*** SHOW DOWN ***
Thekid2809: shows [Ac Ah] (two pair, Aces and Threes)
FACCHETADE$: shows [Qc Kc] (two pair, Kings and Threes)
Thekid2809 collected $3.43 from pot
FACCHETADE$ cashed out the hand for $0.38
*** SUMMARY ***
Total pot $3.58 | Rake $0.15 
Board [Kh 3d 9d 7h 3h]
Seat 1: renansuguino1 folded before Flop (didn't bet)
Seat 2: Almanza63 folded before Flop (didn't bet)
Seat 3: FACCHETADE$ showed [Qc Kc] and lost with two pair, Kings and Threes (cashed out).
Seat 4: giuaraujo12 (button) folded before Flop (didn't bet)
Seat 5: u.e.b.o (small blind) folded before Flop
Seat 6: Thekid2809 (big blind) showed [Ac Ah] and won ($3.43) with two pair, Aces and Threes
Seat 7: barnz5544 folded on the Flop
Seat 8: Dorex2007 folded before Flop (didn't bet)



PokerStars Hand #238763319162:  Hold'em No Limit ($0.02/$0.05 USD) - 2022/09/20 20:33:45 PT [2022/09/20 23:33:45 ET]
Table 'Lederle II' 9-max Seat #5 is the button
Seat 1: renansuguino1 ($17.34 in chips) 
Seat 2: Almanza63 ($5 in chips) 
Seat 3: FACCHETADE$ ($9.91 in chips) 
Seat 4: giuaraujo12 ($6.49 in chips) 
Seat 5: u.e.b.o ($5.21 in chips) 
Seat 6: Thekid2809 ($3.43 in chips) 
Seat 7: M@xium70 ($4 in chips) 
Seat 8: Dorex2007 ($10.51 in chips) 
Thekid2809: posts small blind $0.02
M@xium70: posts big blind $0.05
AGVsmarT: sits out 
*** HOLE CARDS ***
Dealt to Dorex2007 [Kc Qd]
Dorex2007: folds 
renansuguino1: folds 
Almanza63: folds 
FACCHETADE$: raises $0.05 to $0.10
giuaraujo12: folds 
u.e.b.o: folds 
Thekid2809: calls $0.08
M@xium70: calls $0.05
*** FLOP *** [Ac Ad 5s]
Thekid2809: checks 
M@xium70: checks 
FACCHETADE$: bets $0.14
Thekid2809: folds 
M@xium70: folds 
Uncalled bet ($0.14) returned to FACCHETADE$
FACCHETADE$ collected $0.29 from pot
*** SUMMARY ***
Total pot $0.30 | Rake $0.01 
Board [Ac Ad 5s]
Seat 1: renansuguino1 folded before Flop (didn't bet)
Seat 2: Almanza63 folded before Flop (didn't bet)
Seat 3: FACCHETADE$ collected ($0.29)
Seat 4: giuaraujo12 folded before Flop (didn't bet)
Seat 5: u.e.b.o (button) folded before Flop (didn't bet)
Seat 6: Thekid2809 (small blind) folded on the Flop
Seat 7: M@xium70 (big blind) folded on the Flop
Seat 8: Dorex2007 folded before Flop (didn't bet)



PokerStars Hand #238763326503:  Hold'em No Limit ($0.02/$0.05 USD) - 2022/09/20 20:34:37 PT [2022/09/20 23:34:37 ET]
Table 'Lederle II' 9-max Seat #6 is the button
Seat 1: renansuguino1 ($17.34 in chips) 
Seat 2: Almanza63 ($5 in chips) 
Seat 3: FACCHETADE$ ($10.10 in chips) 
Seat 4: giuaraujo12 ($6.49 in chips) 
Seat 5: u.e.b.o ($5.21 in chips) 
Seat 6: Thekid2809 ($3.33 in chips) 
Seat 7: M@xium70 ($3.90 in chips) 
Seat 8: Dorex2007 ($10.51 in chips) 
M@xium70: posts small blind $0.02
Dorex2007: posts big blind $0.05
AGVsmarT: sits out 
*** HOLE CARDS ***
Dealt to Dorex2007 [Ts 2s]
renansuguino1: raises $0.10 to $0.15
Almanza63: folds 
FACCHETADE$: folds 
giuaraujo12: folds 
u.e.b.o: folds 
Thekid2809: calls $0.15
M@xium70: folds 
Dorex2007: folds 
*** FLOP *** [2h Kd 4d]
renansuguino1: bets $0.20
Thekid2809: folds 
Uncalled bet ($0.20) returned to renansuguino1
renansuguino1 collected $0.35 from pot
*** SUMMARY ***
Total pot $0.37 | Rake $0.02 
Board [2h Kd 4d]
Seat 1: renansuguino1 collected ($0.35)
Seat 2: Almanza63 folded before Flop (didn't bet)
Seat 3: FACCHETADE$ folded before Flop (didn't bet)
Seat 4: giuaraujo12 folded before Flop (didn't bet)
Seat 5: u.e.b.o folded before Flop (didn't bet)
Seat 6: Thekid2809 (button) folded on the Flop
Seat 7: M@xium70 (small blind) folded before Flop
Seat 8: Dorex2007 (big blind) folded before Flop



PokerStars Hand #238763332405:  Hold'em No Limit ($0.02/$0.05 USD) - 2022/09/20 20:35:20 PT [2022/09/20 23:35:20 ET]
Table 'Lederle II' 9-max Seat #7 is the button
Seat 1: renansuguino1 ($17.54 in chips) 
Seat 2: Almanza63 ($5 in chips) 
Seat 3: FACCHETADE$ ($10.10 in chips) 
Seat 4: giuaraujo12 ($6.49 in chips) 
Seat 5: u.e.b.o ($5.21 in chips) 
Seat 6: Thekid2809 ($3.18 in chips) 
Seat 7: M@xium70 ($3.88 in chips) 
Seat 8: Dorex2007 ($10.46 in chips) 
Seat 9: AGVsmarT ($6.38 in chips) 
Dorex2007: posts small blind $0.02
AGVsmarT: posts big blind $0.05
*** HOLE CARDS ***
Dealt to Dorex2007 [Ah 7d]
renansuguino1: raises $0.10 to $0.15
Almanza63: folds 
FACCHETADE$: folds 
giuaraujo12: folds 
u.e.b.o: folds 
Thekid2809: calls $0.15
M@xium70: folds 
Dorex2007: folds 
AGVsmarT: calls $0.10
*** FLOP *** [6h 4s 6d]
AGVsmarT: checks 
renansuguino1: bets $0.25
Thekid2809: folds 
AGVsmarT: folds 
Uncalled bet ($0.25) returned to renansuguino1
renansuguino1 collected $0.45 from pot
*** SUMMARY ***
Total pot $0.47 | Rake $0.02 
Board [6h 4s 6d]
Seat 1: renansuguino1 collected ($0.45)
Seat 2: Almanza63 folded before Flop (didn't bet)
Seat 3: FACCHETADE$ folded before Flop (didn't bet)
Seat 4: giuaraujo12 folded before Flop (didn't bet)
Seat 5: u.e.b.o folded before Flop (didn't bet)
Seat 6: Thekid2809 folded on the Flop
Seat 7: M@xium70 (button) folded before Flop (didn't bet)
Seat 8: Dorex2007 (small blind) folded before Flop
Seat 9: AGVsmarT (big blind) folded on the Flop



PokerStars Hand #238763339188:  Hold'em No Limit ($0.02/$0.05 USD) - 2022/09/20 20:36:09 PT [2022/09/20 23:36:09 ET]
Table 'Lederle II' 9-max Seat #8 is the button
Seat 1: renansuguino1 ($17.84 in chips) 
Seat 2: Almanza63 ($5 in chips) 
Seat 3: FACCHETADE$ ($10.10 in chips) 
Seat 4: giuaraujo12 ($6.49 in chips) 
Seat 5: u.e.b.o ($5.21 in chips) 
Seat 6: Thekid2809 ($3.03 in chips) 
Seat 7: M@xium70 ($3.88 in chips) 
Seat 8: Dorex2007 ($10.44 in chips) 
Seat 9: AGVsmarT ($6.23 in chips) 
AGVsmarT: posts small blind $0.02
renansuguino1: posts big blind $0.05
*** HOLE CARDS ***
Dealt to Dorex2007 [Qc 6s]
Almanza63: raises $0.10 to $0.15
FACCHETADE$: folds 
giuaraujo12: folds 
u.e.b.o: folds 
Thekid2809: calls $0.15
M@xium70: folds 
Dorex2007: folds 
AGVsmarT: folds 
renansuguino1: folds 
*** FLOP *** [Ac Qh 2s]
Almanza63: bets $0.17
Thekid2809: folds 
Uncalled bet ($0.17) returned to Almanza63
Almanza63 collected $0.35 from pot
Almanza63: doesn't show hand 
*** SUMMARY ***
Total pot $0.37 | Rake $0.02 
Board [Ac Qh 2s]
Seat 1: renansuguino1 (big blind) folded before Flop
Seat 2: Almanza63 collected ($0.35)
Seat 3: FACCHETADE$ folded before Flop (didn't bet)
Seat 4: giuaraujo12 folded before Flop (didn't bet)
Seat 5: u.e.b.o folded before Flop (didn't bet)
Seat 6: Thekid2809 folded on the Flop
Seat 7: M@xium70 folded before Flop (didn't bet)
Seat 8: Dorex2007 (button) folded before Flop (didn't bet)
Seat 9: AGVsmarT (small blind) folded before Flop



PokerStars Hand #238763345377:  Hold'em No Limit ($0.02/$0.05 USD) - 2022/09/20 20:36:52 PT [2022/09/20 23:36:52 ET]
Table 'Lederle II' 9-max Seat #9 is the button
Seat 1: renansuguino1 ($17.79 in chips) 
Seat 2: Almanza63 ($5.20 in chips) 
Seat 3: FACCHETADE$ ($10.10 in chips) 
Seat 4: giuaraujo12 ($6.49 in chips) 
Seat 5: u.e.b.o ($5.21 in chips) 
Seat 6: Thekid2809 ($2.88 in chips) 
Seat 7: M@xium70 ($3.88 in chips) 
Seat 8: Dorex2007 ($10.44 in chips) 
Seat 9: AGVsmarT ($6.21 in chips) 
renansuguino1: posts small blind $0.02
Almanza63: posts big blind $0.05
*** HOLE CARDS ***
Dealt to Dorex2007 [Jd Kd]
FACCHETADE$: raises $0.05 to $0.10
giuaraujo12: folds 
u.e.b.o: folds 
Thekid2809: folds 
M@xium70: folds 
Dorex2007: calls $0.10
AGVsmarT: calls $0.10
renansuguino1: folds 
Almanza63: raises $0.46 to $0.56
FACCHETADE$: calls $0.46
Dorex2007: folds 
AGVsmarT: folds 
*** FLOP *** [9s 9h 4c]
Almanza63: checks 
FACCHETADE$: checks 
*** TURN *** [9s 9h 4c] [7h]
Almanza63: bets $0.74
FACCHETADE$: calls $0.74
*** RIVER *** [9s 9h 4c 7h] [Js]
Almanza63: checks 
FACCHETADE$: bets $1.35
Almanza63: calls $1.35
*** SHOW DOWN ***
FACCHETADE$: shows [Ah Jh] (two pair, Jacks and Nines)
Almanza63: mucks hand 
FACCHETADE$ collected $5.29 from pot
*** SUMMARY ***
Total pot $5.52 | Rake $0.23 
Board [9s 9h 4c 7h Js]
Seat 1: renansuguino1 (small blind) folded before Flop
Seat 2: Almanza63 (big blind) mucked [Kc Ac]
Seat 3: FACCHETADE$ showed [Ah Jh] and won ($5.29) with two pair, Jacks and Nines
Seat 4: giuaraujo12 folded before Flop (didn't bet)
Seat 5: u.e.b.o folded before Flop (didn't bet)
Seat 6: Thekid2809 folded before Flop (didn't bet)
Seat 7: M@xium70 folded before Flop (didn't bet)
Seat 8: Dorex2007 folded before Flop
Seat 9: AGVsmarT (button) folded before Flop



PokerStars Hand #238763356211:  Hold'em No Limit ($0.02/$0.05 USD) - 2022/09/20 20:38:11 PT [2022/09/20 23:38:11 ET]
Table 'Lederle II' 9-max Seat #1 is the button
Seat 1: renansuguino1 ($17.77 in chips) 
Seat 2: Almanza63 ($2.55 in chips) 
Seat 3: FACCHETADE$ ($12.74 in chips) 
Seat 4: giuaraujo12 ($6.49 in chips) 
Seat 5: u.e.b.o ($5.21 in chips) 
Seat 6: Thekid2809 ($2.88 in chips) 
Seat 7: M@xium70 ($3.88 in chips) 
Seat 8: Dorex2007 ($10.34 in chips) 
Seat 9: AGVsmarT ($6.11 in chips) 
Almanza63: posts small blind $0.02
FACCHETADE$: posts big blind $0.05
*** HOLE CARDS ***
Dealt to Dorex2007 [2h 6s]
giuaraujo12: folds 
u.e.b.o: folds 
Thekid2809: calls $0.05
M@xium70: folds 
Dorex2007: folds 
AGVsmarT has timed out
AGVsmarT: folds 
renansuguino1: raises $0.15 to $0.20
Almanza63: folds 
FACCHETADE$: folds 
Thekid2809: calls $0.15
*** FLOP *** [Kd Tc Jc]
Thekid2809: bets $2.68 and is all-in
renansuguino1: folds 
Uncalled bet ($2.68) returned to Thekid2809
Thekid2809 collected $0.45 from pot
*** SUMMARY ***
Total pot $0.47 | Rake $0.02 
Board [Kd Tc Jc]
Seat 1: renansuguino1 (button) folded on the Flop
Seat 2: Almanza63 (small blind) folded before Flop
Seat 3: FACCHETADE$ (big blind) folded before Flop
Seat 4: giuaraujo12 folded before Flop (didn't bet)
Seat 5: u.e.b.o folded before Flop (didn't bet)
Seat 6: Thekid2809 collected ($0.45)
Seat 7: M@xium70 folded before Flop (didn't bet)
Seat 8: Dorex2007 folded before Flop (didn't bet)
Seat 9: AGVsmarT folded before Flop (didn't bet)



PokerStars Hand #238763363932:  Hold'em No Limit ($0.02/$0.05 USD) - 2022/09/20 20:39:07 PT [2022/09/20 23:39:07 ET]
Table 'Lederle II' 9-max Seat #2 is the button
Seat 1: renansuguino1 ($17.57 in chips) 
Seat 2: Almanza63 ($5 in chips) 
Seat 3: FACCHETADE$ ($12.69 in chips) 
Seat 4: giuaraujo12 ($6.49 in chips) 
Seat 5: u.e.b.o ($5.21 in chips) 
Seat 6: Thekid2809 ($3.13 in chips) 
Seat 7: M@xium70 ($3.88 in chips) 
Seat 8: Dorex2007 ($10.34 in chips) 
FACCHETADE$: posts small blind $0.02
giuaraujo12: posts big blind $0.05
*** HOLE CARDS ***
Dealt to Dorex2007 [3s 7c]
u.e.b.o has timed out
u.e.b.o: folds 
Thekid2809: folds 
Thekid2809 leaves the table
M@xium70: calls $0.05
Dorex2007: folds 
renansuguino1: calls $0.05
Almanza63: raises $0.08 to $0.13
FACCHETADE$: calls $0.11
giuaraujo12: folds 
Apoliom19 joins the table at seat #6 
M@xium70: calls $0.08
renansuguino1: calls $0.08
*** FLOP *** [Ks Qc 9s]
FACCHETADE$: checks 
M@xium70: checks 
renansuguino1: checks 
Almanza63: checks 
*** TURN *** [Ks Qc 9s] [2d]
FACCHETADE$: checks 
M@xium70: checks 
renansuguino1: checks 
Almanza63: checks 
*** RIVER *** [Ks Qc 9s 2d] [6d]
FACCHETADE$: checks 
M@xium70: checks 
renansuguino1: checks 
Almanza63: checks 
*** SHOW DOWN ***
FACCHETADE$: shows [8h 8s] (a pair of Eights)
M@xium70: mucks hand 
renansuguino1: mucks hand 
Almanza63: mucks hand 
FACCHETADE$ collected $0.55 from pot
*** SUMMARY ***
Total pot $0.57 | Rake $0.02 
Board [Ks Qc 9s 2d 6d]
Seat 1: renansuguino1 mucked [5d 3d]
Seat 2: Almanza63 (button) mucked [Jh 6h]
Seat 3: FACCHETADE$ (small blind) showed [8h 8s] and won ($0.55) with a pair of Eights
Seat 4: giuaraujo12 (big blind) folded before Flop
Seat 5: u.e.b.o folded before Flop (didn't bet)
Seat 6: Thekid2809 folded before Flop (didn't bet)
Seat 7: M@xium70 mucked [4c 4d]
Seat 8: Dorex2007 folded before Flop (didn't bet)



PokerStars Hand #238763375747:  Hold'em No Limit ($0.02/$0.05 USD) - 2022/09/20 20:40:33 PT [2022/09/20 23:40:33 ET]
Table 'Lederle II' 9-max Seat #3 is the button
Seat 1: renansuguino1 ($17.44 in chips) 
Seat 2: Almanza63 ($4.87 in chips) 
Seat 3: FACCHETADE$ ($13.11 in chips) 
Seat 4: giuaraujo12 ($6.44 in chips) 
Seat 6: Apoliom19 ($3.02 in chips) 
Seat 7: M@xium70 ($3.75 in chips) 
Seat 8: Dorex2007 ($10.34 in chips) 
giuaraujo12: posts small blind $0.02
Apoliom19: posts big blind $0.05
*** HOLE CARDS ***
Dealt to Dorex2007 [Js Jd]
M@xium70: folds 
Dorex2007: raises $0.05 to $0.10
renansuguino1: folds 
Almanza63: folds 
FACCHETADE$: folds 
giuaraujo12: folds 
Apoliom19: raises $0.10 to $0.20
Dorex2007: raises $10.14 to $10.34 and is all-in
Apoliom19: calls $2.82 and is all-in
Uncalled bet ($7.32) returned to Dorex2007
Apoliom19 has timed out
*** FLOP *** [3d Ts 8c]
*** TURN *** [3d Ts 8c] [6d]
*** RIVER *** [3d Ts 8c 6d] [7s]
*** SHOW DOWN ***
Apoliom19: shows [Tc Td] (three of a kind, Tens)
Dorex2007: shows [Js Jd] (a pair of Jacks)
Apoliom19 collected $5.81 from pot
Dorex2007 cashed out the hand for $4.71 | Cash Out Fee $0.05
*** SUMMARY ***
Total pot $6.06 | Rake $0.25 
Board [3d Ts 8c 6d 7s]
Seat 1: renansuguino1 folded before Flop (didn't bet)
Seat 2: Almanza63 folded before Flop (didn't bet)
Seat 3: FACCHETADE$ (button) folded before Flop (didn't bet)
Seat 4: giuaraujo12 (small blind) folded before Flop
Seat 6: Apoliom19 (big blind) showed [Tc Td] and won ($5.81) with three of a kind, Tens
Seat 7: M@xium70 folded before Flop (didn't bet)
Seat 8: Dorex2007 showed [Js Jd] and lost with a pair of Jacks (cashed out).



PokerStars Hand #238763383315:  Hold'em No Limit ($0.02/$0.05 USD) - 2022/09/20 20:41:28 PT [2022/09/20 23:41:28 ET]
Table 'Lederle II' 9-max Seat #4 is the button
Seat 1: renansuguino1 ($17.44 in chips) 
Seat 2: Almanza63 ($4.87 in chips) 
Seat 3: FACCHETADE$ ($13.11 in chips) 
Seat 4: giuaraujo12 ($6.42 in chips) 
Seat 6: Apoliom19 ($5.81 in chips) 
Seat 7: M@xium70 ($3.75 in chips) 
Seat 8: Dorex2007 ($12.03 in chips) 
Apoliom19: posts small blind $0.02
M@xium70: posts big blind $0.05
*** HOLE CARDS ***
Dealt to Dorex2007 [4d Qc]
Dorex2007: folds 
renansuguino1: raises $0.05 to $0.10
Almanza63: folds 
FACCHETADE$: folds 
giuaraujo12: folds 
Apoliom19: calls $0.08
M@xium70: folds 
*** FLOP *** [Jc 4h 7s]
Apoliom19: checks 
renansuguino1: bets $0.15
Apoliom19: folds 
Uncalled bet ($0.15) returned to renansuguino1
renansuguino1 collected $0.24 from pot
*** SUMMARY ***
Total pot $0.25 | Rake $0.01 
Board [Jc 4h 7s]
Seat 1: renansuguino1 collected ($0.24)
Seat 2: Almanza63 folded before Flop (didn't bet)
Seat 3: FACCHETADE$ folded before Flop (didn't bet)
Seat 4: giuaraujo12 (button) folded before Flop (didn't bet)
Seat 6: Apoliom19 (small blind) folded on the Flop
Seat 7: M@xium70 (big blind) folded before Flop
Seat 8: Dorex2007 folded before Flop (didn't bet)



PokerStars Hand #238763387277:  Hold'em No Limit ($0.02/$0.05 USD) - 2022/09/20 20:41:57 PT [2022/09/20 23:41:57 ET]
Table 'Lederle II' 9-max Seat #6 is the button
Seat 1: renansuguino1 ($17.58 in chips) 
Seat 2: Almanza63 ($4.87 in chips) 
Seat 3: FACCHETADE$ ($13.11 in chips) 
Seat 4: giuaraujo12 ($6.42 in chips) 
Seat 6: Apoliom19 ($5.71 in chips) 
Seat 7: M@xium70 ($3.70 in chips) 
Seat 8: Dorex2007 ($12.03 in chips) 
M@xium70: posts small blind $0.02
Dorex2007: posts big blind $0.05
*** HOLE CARDS ***
Dealt to Dorex2007 [6c 4c]
renansuguino1: folds 
Almanza63: folds 
FACCHETADE$: folds 
giuaraujo12: raises $0.10 to $0.15
Apoliom19: folds 
M@xium70: folds 
Dorex2007: folds 
Uncalled bet ($0.10) returned to giuaraujo12
giuaraujo12 collected $0.12 from pot
*** SUMMARY ***
Total pot $0.12 | Rake $0 
Seat 1: renansuguino1 folded before Flop (didn't bet)
Seat 2: Almanza63 folded before Flop (didn't bet)
Seat 3: FACCHETADE$ folded before Flop (didn't bet)
Seat 4: giuaraujo12 collected ($0.12)
Seat 6: Apoliom19 (button) folded before Flop (didn't bet)
Seat 7: M@xium70 (small blind) folded before Flop
Seat 8: Dorex2007 (big blind) folded before Flop



PokerStars Hand #238763390748:  Hold'em No Limit ($0.02/$0.05 USD) - 2022/09/20 20:42:23 PT [2022/09/20 23:42:23 ET]
Table 'Lederle II' 9-max Seat #7 is the button
Seat 1: renansuguino1 ($17.58 in chips) 
Seat 2: Almanza63 ($4.87 in chips) 
Seat 3: FACCHETADE$ ($13.11 in chips) 
Seat 4: giuaraujo12 ($6.49 in chips) 
Seat 6: Apoliom19 ($5.71 in chips) 
Seat 7: M@xium70 ($3.68 in chips) 
Seat 8: Dorex2007 ($11.98 in chips) 
Dorex2007: posts small blind $0.02
renansuguino1: posts big blind $0.05
*** HOLE CARDS ***
Dealt to Dorex2007 [Jd 4d]
Almanza63: folds 
FACCHETADE$: raises $0.12 to $0.17
giuaraujo12: folds 
Apoliom19: folds 
M@xium70: folds 
Dorex2007: folds 
renansuguino1: calls $0.12
*** FLOP *** [9d 7c 7d]
renansuguino1: checks 
FACCHETADE$: bets $0.35
renansuguino1: calls $0.35
*** TURN *** [9d 7c 7d] [8d]
renansuguino1: checks 
FACCHETADE$: checks 
*** RIVER *** [9d 7c 7d 8d] [Td]
AGVsmarT leaves the table
renansuguino1: checks 
Apoliom19 leaves the table
FACCHETADE$: checks 
*** SHOW DOWN ***
renansuguino1: shows [8c 6c] (a straight, Six to Ten)
FACCHETADE$: mucks hand 
renansuguino1 collected $1.02 from pot
*** SUMMARY ***
Total pot $1.06 | Rake $0.04 
Board [9d 7c 7d 8d Td]
Seat 1: renansuguino1 (big blind) showed [8c 6c] and won ($1.02) with a straight, Six to Ten
Seat 2: Almanza63 folded before Flop (didn't bet)
Seat 3: FACCHETADE$ mucked [Ks Kc]
Seat 4: giuaraujo12 folded before Flop (didn't bet)
Seat 6: Apoliom19 folded before Flop (didn't bet)
Seat 7: M@xium70 (button) folded before Flop (didn't bet)
Seat 8: Dorex2007 (small blind) folded before Flop



PokerStars Hand #238763398406:  Hold'em No Limit ($0.02/$0.05 USD) - 2022/09/20 20:43:19 PT [2022/09/20 23:43:19 ET]
Table 'Lederle II' 9-max Seat #8 is the button
Seat 1: renansuguino1 ($18.08 in chips) 
Seat 2: Almanza63 ($4.87 in chips) 
Seat 3: FACCHETADE$ ($12.59 in chips) 
Seat 4: giuaraujo12 ($6.49 in chips) 
Seat 7: M@xium70 ($3.68 in chips) 
Seat 8: Dorex2007 ($11.96 in chips) 
renansuguino1: posts small blind $0.02
Almanza63: posts big blind $0.05
*** HOLE CARDS ***
Dealt to Dorex2007 [Ad Th]
FACCHETADE$: raises $0.05 to $0.10
giuaraujo12: folds 
M@xium70: folds 
Dorex2007: calls $0.10
renansuguino1: folds 
Almanza63: calls $0.05
*** FLOP *** [Jh Ks 9s]
Almanza63: checks 
FACCHETADE$: checks 
Dorex2007: checks 
*** TURN *** [Jh Ks 9s] [6s]
Almanza63: checks 
FACCHETADE$: bets $0.31
Dorex2007: folds 
Almanza63: folds 
Uncalled bet ($0.31) returned to FACCHETADE$
FACCHETADE$ collected $0.31 from pot
*** SUMMARY ***
Total pot $0.32 | Rake $0.01 
Board [Jh Ks 9s 6s]
Seat 1: renansuguino1 (small blind) folded before Flop
Seat 2: Almanza63 (big blind) folded on the Turn
Seat 3: FACCHETADE$ collected ($0.31)
Seat 4: giuaraujo12 folded before Flop (didn't bet)
Seat 7: M@xium70 folded before Flop (didn't bet)
Seat 8: Dorex2007 (button) folded on the Turn



PokerStars Hand #238763405570:  Hold'em No Limit ($0.02/$0.05 USD) - 2022/09/20 20:44:12 PT [2022/09/20 23:44:12 ET]
Table 'Lederle II' 9-max Seat #1 is the button
Seat 1: renansuguino1 ($18.06 in chips) 
Seat 2: Almanza63 ($4.77 in chips) 
Seat 3: FACCHETADE$ ($12.80 in chips) 
Seat 4: giuaraujo12 ($6.49 in chips) 
Seat 7: M@xium70 ($3.68 in chips) 
Seat 8: Dorex2007 ($11.86 in chips) 
Almanza63: posts small blind $0.02
FACCHETADE$: posts big blind $0.05
*** HOLE CARDS ***
Dealt to Dorex2007 [3h 7h]
giuaraujo12: folds 
M@xium70: folds 
Dorex2007: folds 
renansuguino1: folds 
Almanza63: raises $0.10 to $0.15
FACCHETADE$: folds 
Uncalled bet ($0.10) returned to Almanza63
Almanza63 collected $0.10 from pot
Almanza63: doesn't show hand 
*** SUMMARY ***
Total pot $0.10 | Rake $0 
Seat 1: renansuguino1 (button) folded before Flop (didn't bet)
Seat 2: Almanza63 (small blind) collected ($0.10)
Seat 3: FACCHETADE$ (big blind) folded before Flop
Seat 4: giuaraujo12 folded before Flop (didn't bet)
Seat 7: M@xium70 folded before Flop (didn't bet)
Seat 8: Dorex2007 folded before Flop (didn't bet)



PokerStars Hand #238763410376:  Hold'em No Limit ($0.02/$0.05 USD) - 2022/09/20 20:44:48 PT [2022/09/20 23:44:48 ET]
Table 'Lederle II' 9-max Seat #2 is the button
Seat 1: renansuguino1 ($18.06 in chips) 
Seat 2: Almanza63 ($4.82 in chips) 
Seat 3: FACCHETADE$ ($12.75 in chips) 
Seat 4: giuaraujo12 ($6.49 in chips) 
Seat 7: M@xium70 ($3.68 in chips) 
Seat 8: Dorex2007 ($11.86 in chips) 
FACCHETADE$: posts small blind $0.02
giuaraujo12: posts big blind $0.05
*** HOLE CARDS ***
Dealt to Dorex2007 [5h Kc]
M@xium70: folds 
Dorex2007: folds 
renansuguino1: folds 
Almanza63: folds 
FACCHETADE$: calls $0.03
giuaraujo12: checks 
*** FLOP *** [Js Qs 3h]
FACCHETADE$: checks 
giuaraujo12: bets $0.07
FACCHETADE$: calls $0.07
*** TURN *** [Js Qs 3h] [Ad]
FACCHETADE$: checks 
giuaraujo12: checks 
*** RIVER *** [Js Qs 3h Ad] [Ah]
FACCHETADE$: checks 
giuaraujo12: checks 
*** SHOW DOWN ***
FACCHETADE$: shows [9s Kh] (a pair of Aces)
giuaraujo12: shows [Ts Jc] (two pair, Aces and Jacks)
giuaraujo12 collected $0.23 from pot
*** SUMMARY ***
Total pot $0.24 | Rake $0.01 
Board [Js Qs 3h Ad Ah]
Seat 1: renansuguino1 folded before Flop (didn't bet)
Seat 2: Almanza63 (button) folded before Flop (didn't bet)
Seat 3: FACCHETADE$ (small blind) showed [9s Kh] and lost with a pair of Aces
Seat 4: giuaraujo12 (big blind) showed [Ts Jc] and won ($0.23) with two pair, Aces and Jacks
Seat 7: M@xium70 folded before Flop (didn't bet)
Seat 8: Dorex2007 folded before Flop (didn't bet)



PokerStars Hand #238763420272:  Hold'em No Limit ($0.02/$0.05 USD) - 2022/09/20 20:46:01 PT [2022/09/20 23:46:01 ET]
Table 'Lederle II' 9-max Seat #3 is the button
Seat 1: renansuguino1 ($18.06 in chips) 
Seat 2: Almanza63 ($4.82 in chips) 
Seat 3: FACCHETADE$ ($12.63 in chips) 
Seat 4: giuaraujo12 ($6.60 in chips) 
Seat 5: u.e.b.o ($5.21 in chips) 
Seat 7: M@xium70 ($3.68 in chips) 
Seat 8: Dorex2007 ($11.86 in chips) 
giuaraujo12: posts small blind $0.02
u.e.b.o: posts big blind $0.05
*** HOLE CARDS ***
Dealt to Dorex2007 [2h 9d]
M@xium70: folds 
Dorex2007: folds 
renansuguino1: folds 
Almanza63: folds 
FACCHETADE$: folds 
giuaraujo12: raises $0.10 to $0.15
u.e.b.o: calls $0.10
*** FLOP *** [4c 7h 6c]
giuaraujo12: checks 
u.e.b.o: checks 
*** TURN *** [4c 7h 6c] [3h]
giuaraujo12: bets $0.14
u.e.b.o: folds 
Uncalled bet ($0.14) returned to giuaraujo12
giuaraujo12 collected $0.29 from pot
*** SUMMARY ***
Total pot $0.30 | Rake $0.01 
Board [4c 7h 6c 3h]
Seat 1: renansuguino1 folded before Flop (didn't bet)
Seat 2: Almanza63 folded before Flop (didn't bet)
Seat 3: FACCHETADE$ (button) folded before Flop (didn't bet)
Seat 4: giuaraujo12 (small blind) collected ($0.29)
Seat 5: u.e.b.o (big blind) folded on the Turn
Seat 7: M@xium70 folded before Flop (didn't bet)
Seat 8: Dorex2007 folded before Flop (didn't bet)



PokerStars Hand #238763425613:  Hold'em No Limit ($0.02/$0.05 USD) - 2022/09/20 20:46:40 PT [2022/09/20 23:46:40 ET]
Table 'Lederle II' 9-max Seat #4 is the button
Seat 1: renansuguino1 ($18.06 in chips) 
Seat 2: Almanza63 ($4.82 in chips) 
Seat 3: FACCHETADE$ ($12.63 in chips) 
Seat 4: giuaraujo12 ($6.74 in chips) 
Seat 5: u.e.b.o ($5.06 in chips) 
Seat 7: M@xium70 ($3.68 in chips) 
Seat 8: Dorex2007 ($11.86 in chips) 
u.e.b.o: posts small blind $0.02
M@xium70: posts big blind $0.05
*** HOLE CARDS ***
Dealt to Dorex2007 [Jh Ah]
Dorex2007: raises $0.10 to $0.15
renansuguino1: folds 
Almanza63: folds 
FACCHETADE$: calls $0.15
giuaraujo12: folds 
u.e.b.o: calls $0.13
M@xium70: folds 
*** FLOP *** [9h 6h 3c]
u.e.b.o: checks 
Dorex2007: checks 
FACCHETADE$: checks 
*** TURN *** [9h 6h 3c] [7d]
u.e.b.o: checks 
Dorex2007: bets $0.24
FACCHETADE$: folds 
u.e.b.o: folds 
Uncalled bet ($0.24) returned to Dorex2007
Dorex2007 collected $0.48 from pot
Dorex2007: doesn't show hand 
*** SUMMARY ***
Total pot $0.50 | Rake $0.02 
Board [9h 6h 3c 7d]
Seat 1: renansuguino1 folded before Flop (didn't bet)
Seat 2: Almanza63 folded before Flop (didn't bet)
Seat 3: FACCHETADE$ folded on the Turn
Seat 4: giuaraujo12 (button) folded before Flop (didn't bet)
Seat 5: u.e.b.o (small blind) folded on the Turn
Seat 7: M@xium70 (big blind) folded before Flop
Seat 8: Dorex2007 collected ($0.48)



PokerStars Hand #238763431350:  Hold'em No Limit ($0.02/$0.05 USD) - 2022/09/20 20:47:23 PT [2022/09/20 23:47:23 ET]
Table 'Lederle II' 9-max Seat #5 is the button
Seat 1: renansuguino1 ($18.06 in chips) 
Seat 2: Almanza63 ($4.82 in chips) 
Seat 3: FACCHETADE$ ($12.48 in chips) 
Seat 4: giuaraujo12 ($6.74 in chips) 
Seat 5: u.e.b.o ($4.91 in chips) 
Seat 7: M@xium70 ($3.63 in chips) 
Seat 8: Dorex2007 ($12.19 in chips) 
M@xium70: posts small blind $0.02
Dorex2007: posts big blind $0.05
*** HOLE CARDS ***
Dealt to Dorex2007 [Js 7h]
renansuguino1: folds 
Almanza63: folds 
FACCHETADE$: raises $0.05 to $0.10
giuaraujo12: folds 
u.e.b.o: folds 
M@xium70: folds 
SrLuchoCas joins the table at seat #9 
Dorex2007: calls $0.05
*** FLOP *** [Kd Jd Ad]
Dorex2007: checks 
FACCHETADE$: bets $0.10
Dorex2007: folds 
Uncalled bet ($0.10) returned to FACCHETADE$
FACCHETADE$ collected $0.21 from pot
*** SUMMARY ***
Total pot $0.22 | Rake $0.01 
Board [Kd Jd Ad]
Seat 1: renansuguino1 folded before Flop (didn't bet)
Seat 2: Almanza63 folded before Flop (didn't bet)
Seat 3: FACCHETADE$ collected ($0.21)
Seat 4: giuaraujo12 folded before Flop (didn't bet)
Seat 5: u.e.b.o (button) folded before Flop (didn't bet)
Seat 7: M@xium70 (small blind) folded before Flop
Seat 8: Dorex2007 (big blind) folded on the Flop



PokerStars Hand #238763436054:  Hold'em No Limit ($0.02/$0.05 USD) - 2022/09/20 20:47:57 PT [2022/09/20 23:47:57 ET]
Table 'Lederle II' 9-max Seat #7 is the button
Seat 1: renansuguino1 ($18.06 in chips) 
Seat 2: Almanza63 ($4.82 in chips) 
Seat 3: FACCHETADE$ ($12.59 in chips) 
Seat 4: giuaraujo12 ($6.74 in chips) 
Seat 5: u.e.b.o ($4.91 in chips) 
Seat 7: M@xium70 ($3.61 in chips) 
Seat 8: Dorex2007 ($12.09 in chips) 
Seat 9: SrLuchoCas ($4 in chips) 
Dorex2007: posts small blind $0.02
SrLuchoCas: posts big blind $0.05
*** HOLE CARDS ***
Dealt to Dorex2007 [8c 3h]
renansuguino1: folds 
Almanza63: folds 
FACCHETADE$: folds 
giuaraujo12: folds 
u.e.b.o: folds 
M@xium70: folds 
Dorex2007: folds 
Uncalled bet ($0.03) returned to SrLuchoCas
SrLuchoCas collected $0.04 from pot
SrLuchoCas: doesn't show hand 
*** SUMMARY ***
Total pot $0.04 | Rake $0 
Seat 1: renansuguino1 folded before Flop (didn't bet)
Seat 2: Almanza63 folded before Flop (didn't bet)
Seat 3: FACCHETADE$ folded before Flop (didn't bet)
Seat 4: giuaraujo12 folded before Flop (didn't bet)
Seat 5: u.e.b.o folded before Flop (didn't bet)
Seat 7: M@xium70 (button) folded before Flop (didn't bet)
Seat 8: Dorex2007 (small blind) folded before Flop
Seat 9: SrLuchoCas (big blind) collected ($0.04)



PokerStars Hand #238763438220:  Hold'em No Limit ($0.02/$0.05 USD) - 2022/09/20 20:48:12 PT [2022/09/20 23:48:12 ET]
Table 'Lederle II' 9-max Seat #8 is the button
Seat 1: renansuguino1 ($18.06 in chips) 
Seat 2: Almanza63 ($4.82 in chips) 
Seat 3: FACCHETADE$ ($12.59 in chips) 
Seat 4: giuaraujo12 ($6.74 in chips) 
Seat 5: u.e.b.o ($4.91 in chips) 
Seat 7: M@xium70 ($3.61 in chips) 
Seat 8: Dorex2007 ($12.07 in chips) 
Seat 9: SrLuchoCas ($4.02 in chips) 
SrLuchoCas: posts small blind $0.02
renansuguino1: posts big blind $0.05
*** HOLE CARDS ***
Dealt to Dorex2007 [As 3d]
Almanza63: folds 
FACCHETADE$: raises $0.05 to $0.10
giuaraujo12: folds 
u.e.b.o: folds 
M@xium70: folds 
Dorex2007: folds 
SrLuchoCas: folds 
renansuguino1: calls $0.05
*** FLOP *** [3c Qd 2c]
renansuguino1: checks 
FACCHETADE$: checks 
*** TURN *** [3c Qd 2c] [3s]
renansuguino1: checks 
FACCHETADE$: checks 
*** RIVER *** [3c Qd 2c 3s] [8s]
renansuguino1: checks 
FACCHETADE$: checks 
*** SHOW DOWN ***
renansuguino1: shows [9d Kc] (a pair of Threes)
FACCHETADE$: shows [6d 6s] (two pair, Sixes and Threes)
FACCHETADE$ collected $0.21 from pot
*** SUMMARY ***
Total pot $0.22 | Rake $0.01 
Board [3c Qd 2c 3s 8s]
Seat 1: renansuguino1 (big blind) showed [9d Kc] and lost with a pair of Threes
Seat 2: Almanza63 folded before Flop (didn't bet)
Seat 3: FACCHETADE$ showed [6d 6s] and won ($0.21) with two pair, Sixes and Threes
Seat 4: giuaraujo12 folded before Flop (didn't bet)
Seat 5: u.e.b.o folded before Flop (didn't bet)
Seat 7: M@xium70 folded before Flop (didn't bet)
Seat 8: Dorex2007 (button) folded before Flop (didn't bet)
Seat 9: SrLuchoCas (small blind) folded before Flop



