PokerStars Hand #237716470098:  Hold'em No Limit ($0.01/$0.02 USD) - 2022/07/31 20:59:33 PT [2022/07/31 23:59:33 ET]
Table 'Mancunia II' 9-max Seat #2 is the button
Seat 1: Dorex2007 ($2 in chips) 
Seat 2: LeoBR1985 ($0.54 in chips) 
Seat 3: GameleiraGyn ($1.25 in chips) 
Seat 4: CestLavie95 ($2 in chips) 
Seat 5: frosa9397 ($2.08 in chips) 
Seat 6: Gilberto2332 ($2.51 in chips) 
Seat 7: Diegokoltun ($3.16 in chips) 
Seat 8: renrakuyou ($5.10 in chips) 
Seat 9: veronica1290 ($0.15 in chips) 
GameleiraGyn: posts small blind $0.01
CestLavie95: posts big blind $0.02
Dorex2007: posts big blind $0.02
*** HOLE CARDS ***
Dealt to Dorex2007 [Kh 5h]
frosa9397: calls $0.02
Gilberto2332: raises $0.02 to $0.04
Diegokoltun has timed out
Diegokoltun: folds 
renrakuyou: folds 
veronica1290: folds 
Dorex2007: folds 
LeoBR1985: calls $0.04
GameleiraGyn: calls $0.03
CestLavie95: folds 
frosa9397: calls $0.02
*** FLOP *** [2c 7c Kc]
GameleiraGyn: bets $0.02
frosa9397: folds 
Gilberto2332: folds 
LeoBR1985: folds 
Uncalled bet ($0.02) returned to GameleiraGyn
GameleiraGyn collected $0.19 from pot
GameleiraGyn: doesn't show hand 
*** SUMMARY ***
Total pot $0.20 | Rake $0.01 
Board [2c 7c Kc]
Seat 1: Dorex2007 folded before Flop (didn't bet)
Seat 2: LeoBR1985 (button) folded on the Flop
Seat 3: GameleiraGyn (small blind) collected ($0.19)
Seat 4: CestLavie95 (big blind) folded before Flop
Seat 5: frosa9397 folded on the Flop
Seat 6: Gilberto2332 folded on the Flop
Seat 7: Diegokoltun folded before Flop (didn't bet)
Seat 8: renrakuyou folded before Flop (didn't bet)
Seat 9: veronica1290 folded before Flop (didn't bet)



