PokerStars Hand #237032150988:  Hold'em No Limit ($0.01/$0.02 USD) - 2022/06/27 20:25:59 PT [2022/06/27 23:25:59 ET]
Table 'Larissa' 9-max Seat #3 is the button
Seat 1: themarfs ($2.25 in chips) 
Seat 2: SneakySoup ($1.89 in chips) 
Seat 3: russo3014 ($1.34 in chips) 
Seat 4: alfreud777 ($1.83 in chips) 
Seat 5: Dorex2007 ($2 in chips) 
Seat 7: LedeniCar ($2.47 in chips) 
Seat 8: edivaldo637 ($2 in chips) 
alfreud777: posts small blind $0.01
Dorex2007: posts big blind $0.02
Tobiz89: sits out 
*** HOLE CARDS ***
Dealt to Dorex2007 [7d Qd]
LedeniCar: calls $0.02
edivaldo637: folds 
themarfs: folds 
SneakySoup: folds 
russo3014: folds 
alfreud777: calls $0.01
Dorex2007: checks 
*** FLOP *** [3s 7h Kc]
alfreud777: checks 
Dorex2007: checks 
LedeniCar: checks 
*** TURN *** [3s 7h Kc] [9d]
alfreud777: bets $0.06
Dorex2007: folds 
LedeniCar: calls $0.06
*** RIVER *** [3s 7h Kc 9d] [Tc]
alfreud777: bets $0.17
LedeniCar: folds 
Uncalled bet ($0.17) returned to alfreud777
alfreud777 collected $0.17 from pot
*** SUMMARY ***
Total pot $0.18 | Rake $0.01 
Board [3s 7h Kc 9d Tc]
Seat 1: themarfs folded before Flop (didn't bet)
Seat 2: SneakySoup folded before Flop (didn't bet)
Seat 3: russo3014 (button) folded before Flop (didn't bet)
Seat 4: alfreud777 (small blind) collected ($0.17)
Seat 5: Dorex2007 (big blind) folded on the Turn
Seat 7: LedeniCar folded on the River
Seat 8: edivaldo637 folded before Flop (didn't bet)



PokerStars Hand #237032162586:  Hold'em No Limit ($0.01/$0.02 USD) - 2022/06/27 20:27:12 PT [2022/06/27 23:27:12 ET]
Table 'Larissa' 9-max Seat #4 is the button
Seat 1: themarfs ($2.25 in chips) 
Seat 2: SneakySoup ($1.89 in chips) 
Seat 3: russo3014 ($1.34 in chips) 
Seat 4: alfreud777 ($1.92 in chips) 
Seat 5: Dorex2007 ($2 in chips) 
Seat 7: LedeniCar ($2.39 in chips) 
Seat 8: edivaldo637 ($2 in chips) 
Dorex2007: posts small blind $0.01
LedeniCar: posts big blind $0.02
Tobiz89: sits out 
*** HOLE CARDS ***
Dealt to Dorex2007 [As Ks]
edivaldo637: folds 
themarfs: folds 
SneakySoup: raises $0.04 to $0.06
russo3014: folds 
alfreud777: folds 
Dorex2007: raises $0.10 to $0.16
LedeniCar: folds 
SneakySoup: calls $0.10
*** FLOP *** [3h 7h Jc]
Dorex2007: bets $0.33
SneakySoup: folds 
Uncalled bet ($0.33) returned to Dorex2007
Dorex2007 collected $0.33 from pot
*** SUMMARY ***
Total pot $0.34 | Rake $0.01 
Board [3h 7h Jc]
Seat 1: themarfs folded before Flop (didn't bet)
Seat 2: SneakySoup folded on the Flop
Seat 3: russo3014 folded before Flop (didn't bet)
Seat 4: alfreud777 (button) folded before Flop (didn't bet)
Seat 5: Dorex2007 (small blind) collected ($0.33)
Seat 7: LedeniCar (big blind) folded before Flop
Seat 8: edivaldo637 folded before Flop (didn't bet)



PokerStars Hand #237032168956:  Hold'em No Limit ($0.01/$0.02 USD) - 2022/06/27 20:27:53 PT [2022/06/27 23:27:53 ET]
Table 'Larissa' 9-max Seat #5 is the button
Seat 1: themarfs ($2.25 in chips) 
Seat 2: SneakySoup ($1.73 in chips) 
Seat 3: russo3014 ($1.34 in chips) 
Seat 4: alfreud777 ($1.92 in chips) 
Seat 5: Dorex2007 ($2.17 in chips) 
Seat 7: LedeniCar ($2.37 in chips) 
Seat 8: edivaldo637 ($2 in chips) 
LedeniCar: posts small blind $0.01
edivaldo637: posts big blind $0.02
Tobiz89: sits out 
*** HOLE CARDS ***
Dealt to Dorex2007 [3s Ts]
themarfs: folds 
SneakySoup: folds 
russo3014: calls $0.02
alfreud777 has timed out
alfreud777: folds 
Dorex2007: folds 
LedeniCar: calls $0.01
edivaldo637: checks 
*** FLOP *** [9h 8c 2c]
LedeniCar: checks 
edivaldo637: checks 
russo3014: bets $0.02
LedeniCar: calls $0.02
edivaldo637: folds 
*** TURN *** [9h 8c 2c] [Ah]
LedeniCar: checks 
russo3014: bets $0.02
LedeniCar: raises $0.06 to $0.08
russo3014: calls $0.06
*** RIVER *** [9h 8c 2c Ah] [Ac]
LedeniCar: checks 
russo3014: checks 
*** SHOW DOWN ***
LedeniCar: shows [As 2h] (a full house, Aces full of Deuces)
russo3014: mucks hand 
LedeniCar collected $0.25 from pot
*** SUMMARY ***
Total pot $0.26 | Rake $0.01 
Board [9h 8c 2c Ah Ac]
Seat 1: themarfs folded before Flop (didn't bet)
Seat 2: SneakySoup folded before Flop (didn't bet)
Seat 3: russo3014 mucked [8h 6h]
Seat 4: alfreud777 folded before Flop (didn't bet)
Seat 5: Dorex2007 (button) folded before Flop (didn't bet)
Seat 7: LedeniCar (small blind) showed [As 2h] and won ($0.25) with a full house, Aces full of Deuces
Seat 8: edivaldo637 (big blind) folded on the Flop



PokerStars Hand #237032181142:  Hold'em No Limit ($0.01/$0.02 USD) - 2022/06/27 20:29:12 PT [2022/06/27 23:29:12 ET]
Table 'Larissa' 9-max Seat #7 is the button
Seat 1: themarfs ($2.25 in chips) 
Seat 2: SneakySoup ($1.73 in chips) 
Seat 3: russo3014 ($1.22 in chips) 
Seat 4: alfreud777 ($1.92 in chips) 
Seat 5: Dorex2007 ($2.17 in chips) 
Seat 7: LedeniCar ($2.50 in chips) 
Seat 8: edivaldo637 ($1.98 in chips) 
Seat 9: Tobiz89 ($2 in chips) 
edivaldo637: posts small blind $0.01
Tobiz89: posts big blind $0.02
*** HOLE CARDS ***
Dealt to Dorex2007 [2h Kc]
themarfs: folds 
SneakySoup: folds 
themarfs leaves the table
vero2610 joins the table at seat #1 
russo3014 has timed out
russo3014: folds 
alfreud777: raises $0.06 to $0.08
Dorex2007: folds 
LedeniCar: calls $0.08
edivaldo637: folds 
Tobiz89: raises $0.26 to $0.34
alfreud777: folds 
LedeniCar: calls $0.26
*** FLOP *** [Qs 4c 9d]
Tobiz89: checks 
LedeniCar: checks 
*** TURN *** [Qs 4c 9d] [Ah]
Tobiz89 has timed out
Tobiz89: checks 
LedeniCar: bets $0.22
Tobiz89: raises $0.52 to $0.74
LedeniCar: folds 
Uncalled bet ($0.52) returned to Tobiz89
Tobiz89 collected $1.17 from pot
*** SUMMARY ***
Total pot $1.21 | Rake $0.04 
Board [Qs 4c 9d Ah]
Seat 1: themarfs folded before Flop (didn't bet)
Seat 2: SneakySoup folded before Flop (didn't bet)
Seat 3: russo3014 folded before Flop (didn't bet)
Seat 4: alfreud777 folded before Flop
Seat 5: Dorex2007 folded before Flop (didn't bet)
Seat 7: LedeniCar (button) folded on the Turn
Seat 8: edivaldo637 (small blind) folded before Flop
Seat 9: Tobiz89 (big blind) collected ($1.17)



PokerStars Hand #237032196660:  Hold'em No Limit ($0.01/$0.02 USD) - 2022/06/27 20:30:53 PT [2022/06/27 23:30:53 ET]
Table 'Larissa' 9-max Seat #8 is the button
Seat 1: vero2610 ($0.80 in chips) 
Seat 2: SneakySoup ($1.73 in chips) 
Seat 3: russo3014 ($1.22 in chips) 
Seat 4: alfreud777 ($1.84 in chips) 
Seat 5: Dorex2007 ($2.17 in chips) 
Seat 7: LedeniCar ($1.94 in chips) 
Seat 8: edivaldo637 ($1.97 in chips) 
Seat 9: Tobiz89 ($2.61 in chips) 
Tobiz89: posts small blind $0.01
vero2610: posts big blind $0.02
*** HOLE CARDS ***
Dealt to Dorex2007 [2s 4c]
SneakySoup: folds 
russo3014: folds 
alfreud777: calls $0.02
Dorex2007: folds 
LedeniCar: folds 
edivaldo637: folds 
Tobiz89: folds 
vero2610: checks 
*** FLOP *** [4d Ac 2h]
vero2610: checks 
alfreud777: bets $0.04
vero2610: calls $0.04
*** TURN *** [4d Ac 2h] [2d]
vero2610: checks 
alfreud777: bets $0.08
vero2610: calls $0.08
*** RIVER *** [4d Ac 2h 2d] [As]
vero2610: bets $0.28
alfreud777: folds 
Uncalled bet ($0.28) returned to vero2610
vero2610 collected $0.28 from pot
*** SUMMARY ***
Total pot $0.29 | Rake $0.01 
Board [4d Ac 2h 2d As]
Seat 1: vero2610 (big blind) collected ($0.28)
Seat 2: SneakySoup folded before Flop (didn't bet)
Seat 3: russo3014 folded before Flop (didn't bet)
Seat 4: alfreud777 folded on the River
Seat 5: Dorex2007 folded before Flop (didn't bet)
Seat 7: LedeniCar folded before Flop (didn't bet)
Seat 8: edivaldo637 (button) folded before Flop (didn't bet)
Seat 9: Tobiz89 (small blind) folded before Flop



PokerStars Hand #237032204857:  Hold'em No Limit ($0.01/$0.02 USD) - 2022/06/27 20:31:46 PT [2022/06/27 23:31:46 ET]
Table 'Larissa' 9-max Seat #9 is the button
Seat 1: vero2610 ($0.94 in chips) 
Seat 2: SneakySoup ($1.73 in chips) 
Seat 3: russo3014 ($1.22 in chips) 
Seat 4: alfreud777 ($1.70 in chips) 
Seat 5: Dorex2007 ($2.17 in chips) 
Seat 7: LedeniCar ($1.94 in chips) 
Seat 8: edivaldo637 ($1.97 in chips) 
Seat 9: Tobiz89 ($2.60 in chips) 
vero2610: posts small blind $0.01
SneakySoup: posts big blind $0.02
*** HOLE CARDS ***
Dealt to Dorex2007 [Js As]
russo3014: calls $0.02
alfreud777: calls $0.02
Dorex2007: raises $0.06 to $0.08
LedeniCar: raises $0.24 to $0.32
edivaldo637: folds 
Tobiz89: folds 
vero2610: folds 
SneakySoup: folds 
russo3014: folds 
alfreud777: folds 
Dorex2007: folds 
Uncalled bet ($0.24) returned to LedeniCar
LedeniCar collected $0.23 from pot
*** SUMMARY ***
Total pot $0.23 | Rake $0 
Seat 1: vero2610 (small blind) folded before Flop
Seat 2: SneakySoup (big blind) folded before Flop
Seat 3: russo3014 folded before Flop
Seat 4: alfreud777 folded before Flop
Seat 5: Dorex2007 folded before Flop
Seat 7: LedeniCar collected ($0.23)
Seat 8: edivaldo637 folded before Flop (didn't bet)
Seat 9: Tobiz89 (button) folded before Flop (didn't bet)



PokerStars Hand #237032212750:  Hold'em No Limit ($0.01/$0.02 USD) - 2022/06/27 20:32:38 PT [2022/06/27 23:32:38 ET]
Table 'Larissa' 9-max Seat #1 is the button
Seat 1: vero2610 ($0.93 in chips) 
Seat 2: SneakySoup ($1.71 in chips) 
Seat 3: russo3014 ($1.20 in chips) 
Seat 4: alfreud777 ($1.68 in chips) 
Seat 5: Dorex2007 ($2.09 in chips) 
Seat 7: LedeniCar ($2.09 in chips) 
Seat 8: edivaldo637 ($1.97 in chips) 
Seat 9: Tobiz89 ($2.60 in chips) 
SneakySoup: posts small blind $0.01
russo3014: posts big blind $0.02
*** HOLE CARDS ***
Dealt to Dorex2007 [9s 5c]
alfreud777: folds 
Dorex2007: folds 
LedeniCar: calls $0.02
edivaldo637: folds 
Tobiz89: raises $0.08 to $0.10
vero2610: folds 
SneakySoup: calls $0.09
russo3014: folds 
LedeniCar: calls $0.08
*** FLOP *** [Ks 3s 6h]
SneakySoup: checks 
LedeniCar: checks 
Tobiz89: checks 
*** TURN *** [Ks 3s 6h] [9d]
SneakySoup: bets $0.15
LedeniCar: folds 
Tobiz89: calls $0.15
*** RIVER *** [Ks 3s 6h 9d] [4d]
SneakySoup: bets $0.30
Tobiz89: folds 
Uncalled bet ($0.30) returned to SneakySoup
SneakySoup collected $0.60 from pot
*** SUMMARY ***
Total pot $0.62 | Rake $0.02 
Board [Ks 3s 6h 9d 4d]
Seat 1: vero2610 (button) folded before Flop (didn't bet)
Seat 2: SneakySoup (small blind) collected ($0.60)
Seat 3: russo3014 (big blind) folded before Flop
Seat 4: alfreud777 folded before Flop (didn't bet)
Seat 5: Dorex2007 folded before Flop (didn't bet)
Seat 7: LedeniCar folded on the Turn
Seat 8: edivaldo637 folded before Flop (didn't bet)
Seat 9: Tobiz89 folded on the River



PokerStars Hand #237032231433:  Hold'em No Limit ($0.01/$0.02 USD) - 2022/06/27 20:33:44 PT [2022/06/27 23:33:44 ET]
Table 'Larissa' 9-max Seat #2 is the button
Seat 1: vero2610 ($0.93 in chips) 
Seat 2: SneakySoup ($2.06 in chips) 
Seat 3: russo3014 ($1.18 in chips) 
Seat 4: alfreud777 ($1.68 in chips) 
Seat 5: Dorex2007 ($2.09 in chips) 
Seat 7: LedeniCar ($1.99 in chips) 
Seat 8: edivaldo637 ($1.97 in chips) 
Seat 9: Tobiz89 ($2.35 in chips) 
russo3014: posts small blind $0.01
alfreud777: posts big blind $0.02
*** HOLE CARDS ***
Dealt to Dorex2007 [9s As]
Dorex2007: raises $0.04 to $0.06
LedeniCar: folds 
edivaldo637: calls $0.06
Tobiz89: raises $0.24 to $0.30
vero2610: raises $0.63 to $0.93 and is all-in
SneakySoup: folds 
russo3014: folds 
alfreud777: folds 
Dorex2007: folds 
edivaldo637: folds 
Tobiz89: folds 
Uncalled bet ($0.63) returned to vero2610
russo3014 leaves the table
vero2610 collected $0.75 from pot
*** SUMMARY ***
Total pot $0.75 | Rake $0 
Seat 1: vero2610 collected ($0.75)
Seat 2: SneakySoup (button) folded before Flop (didn't bet)
Seat 3: russo3014 (small blind) folded before Flop
Seat 4: alfreud777 (big blind) folded before Flop
Seat 5: Dorex2007 folded before Flop
Seat 7: LedeniCar folded before Flop (didn't bet)
Seat 8: edivaldo637 folded before Flop
Seat 9: Tobiz89 folded before Flop



PokerStars Hand #237032238764:  Hold'em No Limit ($0.01/$0.02 USD) - 2022/06/27 20:34:33 PT [2022/06/27 23:34:33 ET]
Table 'Larissa' 9-max Seat #4 is the button
Seat 1: vero2610 ($1.38 in chips) 
Seat 2: SneakySoup ($2.06 in chips) 
Seat 4: alfreud777 ($1.66 in chips) 
Seat 5: Dorex2007 ($2.03 in chips) 
Seat 7: LedeniCar ($1.99 in chips) 
Seat 8: edivaldo637 ($1.91 in chips) 
Seat 9: Tobiz89 ($2.05 in chips) 
Dorex2007: posts small blind $0.01
LedeniCar: posts big blind $0.02
*** HOLE CARDS ***
Dealt to Dorex2007 [Th 2d]
xzzenjoy123 joins the table at seat #3 
edivaldo637 has timed out
edivaldo637: folds 
Tobiz89: folds 
vero2610: folds 
SneakySoup: folds 
alfreud777: folds 
Dorex2007: folds 
Uncalled bet ($0.01) returned to LedeniCar
LedeniCar collected $0.02 from pot
*** SUMMARY ***
Total pot $0.02 | Rake $0 
Seat 1: vero2610 folded before Flop (didn't bet)
Seat 2: SneakySoup folded before Flop (didn't bet)
Seat 4: alfreud777 (button) folded before Flop (didn't bet)
Seat 5: Dorex2007 (small blind) folded before Flop
Seat 7: LedeniCar (big blind) collected ($0.02)
Seat 8: edivaldo637 folded before Flop (didn't bet)
Seat 9: Tobiz89 folded before Flop (didn't bet)



PokerStars Hand #237032242094:  Hold'em No Limit ($0.01/$0.02 USD) - 2022/06/27 20:34:55 PT [2022/06/27 23:34:55 ET]
Table 'Larissa' 9-max Seat #5 is the button
Seat 1: vero2610 ($1.38 in chips) 
Seat 2: SneakySoup ($2.06 in chips) 
Seat 3: xzzenjoy123 ($2 in chips) 
Seat 4: alfreud777 ($1.66 in chips) 
Seat 5: Dorex2007 ($2.02 in chips) 
Seat 7: LedeniCar ($2 in chips) 
Seat 9: Tobiz89 ($2.05 in chips) 
LedeniCar: posts small blind $0.01
Tobiz89: posts big blind $0.02
xzzenjoy123: posts big blind $0.02
*** HOLE CARDS ***
Dealt to Dorex2007 [Qh 8d]
vero2610: calls $0.02
SneakySoup: folds 
xzzenjoy123: raises $0.04 to $0.06
alfreud777: folds 
Dorex2007: folds 
LedeniCar: folds 
Tobiz89: calls $0.04
vero2610: calls $0.04
*** FLOP *** [Ah 3s 8s]
Tobiz89: checks 
vero2610: checks 
xzzenjoy123: bets $0.08
Tobiz89: folds 
vero2610: folds 
Uncalled bet ($0.08) returned to xzzenjoy123
xzzenjoy123 collected $0.18 from pot
*** SUMMARY ***
Total pot $0.19 | Rake $0.01 
Board [Ah 3s 8s]
Seat 1: vero2610 folded on the Flop
Seat 2: SneakySoup folded before Flop (didn't bet)
Seat 3: xzzenjoy123 collected ($0.18)
Seat 4: alfreud777 folded before Flop (didn't bet)
Seat 5: Dorex2007 (button) folded before Flop (didn't bet)
Seat 7: LedeniCar (small blind) folded before Flop
Seat 9: Tobiz89 (big blind) folded on the Flop



PokerStars Hand #237032248012:  Hold'em No Limit ($0.01/$0.02 USD) - 2022/06/27 20:35:35 PT [2022/06/27 23:35:35 ET]
Table 'Larissa' 9-max Seat #7 is the button
Seat 1: vero2610 ($1.32 in chips) 
Seat 2: SneakySoup ($2.06 in chips) 
Seat 3: xzzenjoy123 ($2.12 in chips) 
Seat 4: alfreud777 ($1.66 in chips) 
Seat 5: Dorex2007 ($2.02 in chips) 
Seat 7: LedeniCar ($1.99 in chips) 
Seat 9: Tobiz89 ($2 in chips) 
Tobiz89: posts small blind $0.01
vero2610: posts big blind $0.02
*** HOLE CARDS ***
Dealt to Dorex2007 [3c Qd]
SneakySoup: folds 
xzzenjoy123: calls $0.02
alfreud777: folds 
Dorex2007: folds 
LedeniCar: calls $0.02
Tobiz89: folds 
vero2610: checks 
*** FLOP *** [Jc Kh Ks]
vero2610: checks 
xzzenjoy123: checks 
LedeniCar: bets $0.02
vero2610: folds 
xzzenjoy123: folds 
Uncalled bet ($0.02) returned to LedeniCar
LedeniCar collected $0.07 from pot
*** SUMMARY ***
Total pot $0.07 | Rake $0 
Board [Jc Kh Ks]
Seat 1: vero2610 (big blind) folded on the Flop
Seat 2: SneakySoup folded before Flop (didn't bet)
Seat 3: xzzenjoy123 folded on the Flop
Seat 4: alfreud777 folded before Flop (didn't bet)
Seat 5: Dorex2007 folded before Flop (didn't bet)
Seat 7: LedeniCar (button) collected ($0.07)
Seat 9: Tobiz89 (small blind) folded before Flop



PokerStars Hand #237032252076:  Hold'em No Limit ($0.01/$0.02 USD) - 2022/06/27 20:36:02 PT [2022/06/27 23:36:02 ET]
Table 'Larissa' 9-max Seat #9 is the button
Seat 1: vero2610 ($1.30 in chips) 
Seat 3: xzzenjoy123 ($2.10 in chips) 
Seat 4: alfreud777 ($1.66 in chips) 
Seat 5: Dorex2007 ($2.02 in chips) 
Seat 7: LedeniCar ($2.04 in chips) 
Seat 8: edivaldo637 ($1.91 in chips) 
Seat 9: Tobiz89 ($2 in chips) 
vero2610: posts small blind $0.01
SneakySoup: is sitting out 
xzzenjoy123: posts big blind $0.02
edivaldo637: posts small & big blinds $0.03
*** HOLE CARDS ***
Dealt to Dorex2007 [9s 7d]
alfreud777: calls $0.02
Dorex2007: folds 
LedeniCar: calls $0.02
edivaldo637: checks 
Tobiz89: folds 
vero2610: folds 
xzzenjoy123: checks 
*** FLOP *** [Qs Kc Td]
xzzenjoy123: bets $0.02
alfreud777: calls $0.02
LedeniCar: calls $0.02
edivaldo637: folds 
*** TURN *** [Qs Kc Td] [4d]
xzzenjoy123: bets $0.06
alfreud777: calls $0.06
LedeniCar: folds 
*** RIVER *** [Qs Kc Td 4d] [5s]
xzzenjoy123: bets $0.12
alfreud777: calls $0.12
*** SHOW DOWN ***
xzzenjoy123: shows [9h Jd] (a straight, Nine to King)
alfreud777: mucks hand 
xzzenjoy123 collected $0.50 from pot
*** SUMMARY ***
Total pot $0.52 | Rake $0.02 
Board [Qs Kc Td 4d 5s]
Seat 1: vero2610 (small blind) folded before Flop
Seat 3: xzzenjoy123 (big blind) showed [9h Jd] and won ($0.50) with a straight, Nine to King
Seat 4: alfreud777 mucked [Ks 8s]
Seat 5: Dorex2007 folded before Flop (didn't bet)
Seat 7: LedeniCar folded on the Turn
Seat 8: edivaldo637 folded on the Flop (didn't bet)
Seat 9: Tobiz89 (button) folded before Flop (didn't bet)



PokerStars Hand #237032261193:  Hold'em No Limit ($0.01/$0.02 USD) - 2022/06/27 20:37:03 PT [2022/06/27 23:37:03 ET]
Table 'Larissa' 9-max Seat #1 is the button
Seat 1: vero2610 ($1.29 in chips) 
Seat 3: xzzenjoy123 ($2.38 in chips) 
Seat 4: alfreud777 ($1.44 in chips) 
Seat 5: Dorex2007 ($2.02 in chips) 
Seat 7: LedeniCar ($2 in chips) 
Seat 8: edivaldo637 ($1.88 in chips) 
Seat 9: Tobiz89 ($2 in chips) 
xzzenjoy123: posts small blind $0.01
alfreud777: posts big blind $0.02
*** HOLE CARDS ***
Dealt to Dorex2007 [Ts Qh]
Dorex2007: folds 
LedeniCar: folds 
edivaldo637: folds 
Tobiz89: raises $0.03 to $0.05
vero2610: folds 
xzzenjoy123: folds 
alfreud777: calls $0.03
*** FLOP *** [Tc 3c 5s]
alfreud777: checks 
Tobiz89: bets $0.07
alfreud777: raises $0.07 to $0.14
Tobiz89: calls $0.07
*** TURN *** [Tc 3c 5s] [3h]
alfreud777: bets $0.38
Tobiz89: folds 
Uncalled bet ($0.38) returned to alfreud777
alfreud777 collected $0.38 from pot
*** SUMMARY ***
Total pot $0.39 | Rake $0.01 
Board [Tc 3c 5s 3h]
Seat 1: vero2610 (button) folded before Flop (didn't bet)
Seat 3: xzzenjoy123 (small blind) folded before Flop
Seat 4: alfreud777 (big blind) collected ($0.38)
Seat 5: Dorex2007 folded before Flop (didn't bet)
Seat 7: LedeniCar folded before Flop (didn't bet)
Seat 8: edivaldo637 folded before Flop (didn't bet)
Seat 9: Tobiz89 folded on the Turn



PokerStars Hand #237032271284:  Hold'em No Limit ($0.01/$0.02 USD) - 2022/06/27 20:38:10 PT [2022/06/27 23:38:10 ET]
Table 'Larissa' 9-max Seat #3 is the button
Seat 1: vero2610 ($1.29 in chips) 
Seat 3: xzzenjoy123 ($2.37 in chips) 
Seat 4: alfreud777 ($1.63 in chips) 
Seat 5: Dorex2007 ($2.02 in chips) 
Seat 7: LedeniCar ($2 in chips) 
Seat 8: edivaldo637 ($1.88 in chips) 
Seat 9: Tobiz89 ($2 in chips) 
alfreud777: posts small blind $0.01
Dorex2007: posts big blind $0.02
*** HOLE CARDS ***
Dealt to Dorex2007 [9s Th]
LedeniCar: folds 
edivaldo637: folds 
Tobiz89: folds 
vero2610: calls $0.02
xzzenjoy123: calls $0.02
alfreud777: calls $0.01
Dorex2007: checks 
*** FLOP *** [6c 9d 7h]
alfreud777: checks 
Dorex2007: bets $0.08
vero2610: folds 
xzzenjoy123: calls $0.08
alfreud777: folds 
*** TURN *** [6c 9d 7h] [5d]
Dorex2007: checks 
xzzenjoy123: checks 
*** RIVER *** [6c 9d 7h 5d] [Js]
Dorex2007: bets $0.11
xzzenjoy123: raises $0.11 to $0.22
Dorex2007: folds 
Uncalled bet ($0.11) returned to xzzenjoy123
xzzenjoy123 collected $0.44 from pot
*** SUMMARY ***
Total pot $0.46 | Rake $0.02 
Board [6c 9d 7h 5d Js]
Seat 1: vero2610 folded on the Flop
Seat 3: xzzenjoy123 (button) collected ($0.44)
Seat 4: alfreud777 (small blind) folded on the Flop
Seat 5: Dorex2007 (big blind) folded on the River
Seat 7: LedeniCar folded before Flop (didn't bet)
Seat 8: edivaldo637 folded before Flop (didn't bet)
Seat 9: Tobiz89 folded before Flop (didn't bet)



PokerStars Hand #237032280947:  Hold'em No Limit ($0.01/$0.02 USD) - 2022/06/27 20:39:15 PT [2022/06/27 23:39:15 ET]
Table 'Larissa' 9-max Seat #4 is the button
Seat 1: vero2610 ($1.27 in chips) 
Seat 3: xzzenjoy123 ($2.60 in chips) 
Seat 4: alfreud777 ($1.61 in chips) 
Seat 5: Dorex2007 ($2 in chips) 
Seat 7: LedeniCar ($2 in chips) 
Seat 8: edivaldo637 ($1.88 in chips) 
Seat 9: Tobiz89 ($2 in chips) 
Dorex2007: posts small blind $0.01
LedeniCar: posts big blind $0.02
*** HOLE CARDS ***
Dealt to Dorex2007 [Ac 3s]
edivaldo637: folds 
Tobiz89: folds 
vero2610: calls $0.02
xzzenjoy123: calls $0.02
alfreud777: folds 
Dorex2007: folds 
LedeniCar: checks 
*** FLOP *** [Kh 5s 3d]
LedeniCar: checks 
vero2610: checks 
xzzenjoy123: checks 
*** TURN *** [Kh 5s 3d] [9d]
LedeniCar: checks 
vero2610: checks 
xzzenjoy123: checks 
*** RIVER *** [Kh 5s 3d 9d] [Jc]
LedeniCar: checks 
vero2610: checks 
xzzenjoy123: checks 
*** SHOW DOWN ***
LedeniCar: shows [7s 2h] (high card King)
vero2610: shows [8h Ah] (high card Ace)
xzzenjoy123: mucks hand 
vero2610 collected $0.07 from pot
INTIMIDATOR69 leaves the table
*** SUMMARY ***
Total pot $0.07 | Rake $0 
Board [Kh 5s 3d 9d Jc]
Seat 1: vero2610 showed [8h Ah] and won ($0.07) with high card Ace
Seat 3: xzzenjoy123 mucked [Qd 7h]
Seat 4: alfreud777 (button) folded before Flop (didn't bet)
Seat 5: Dorex2007 (small blind) folded before Flop
Seat 7: LedeniCar (big blind) showed [7s 2h] and lost with high card King
Seat 8: edivaldo637 folded before Flop (didn't bet)
Seat 9: Tobiz89 folded before Flop (didn't bet)



PokerStars Hand #237032285283:  Hold'em No Limit ($0.01/$0.02 USD) - 2022/06/27 20:39:44 PT [2022/06/27 23:39:44 ET]
Table 'Larissa' 9-max Seat #5 is the button
Seat 1: vero2610 ($1.32 in chips) 
Seat 3: xzzenjoy123 ($2.58 in chips) 
Seat 4: alfreud777 ($1.61 in chips) 
Seat 5: Dorex2007 ($2 in chips) 
Seat 7: LedeniCar ($1.98 in chips) 
Seat 8: edivaldo637 ($1.88 in chips) 
Seat 9: Tobiz89 ($2 in chips) 
LedeniCar: posts small blind $0.01
edivaldo637: posts big blind $0.02
*** HOLE CARDS ***
Dealt to Dorex2007 [8s 6c]
sanyok1135 joins the table at seat #6 
Tobiz89: folds 
vero2610: folds 
xzzenjoy123: raises $0.02 to $0.04
alfreud777: calls $0.04
Dorex2007: folds 
LedeniCar: calls $0.03
edivaldo637: calls $0.02
*** FLOP *** [2c 4c 8h]
LedeniCar: checks 
edivaldo637: checks 
xzzenjoy123: checks 
alfreud777: bets $0.08
LedeniCar: calls $0.08
edivaldo637: folds 
xzzenjoy123: folds 
*** TURN *** [2c 4c 8h] [Td]
LedeniCar: checks 
alfreud777: bets $0.16
LedeniCar: calls $0.16
*** RIVER *** [2c 4c 8h Td] [7c]
LedeniCar: checks 
alfreud777: checks 
*** SHOW DOWN ***
LedeniCar: shows [8c 9c] (a flush, Nine high)
alfreud777: mucks hand 
LedeniCar collected $0.62 from pot
*** SUMMARY ***
Total pot $0.64 | Rake $0.02 
Board [2c 4c 8h Td 7c]
Seat 1: vero2610 folded before Flop (didn't bet)
Seat 3: xzzenjoy123 folded on the Flop
Seat 4: alfreud777 mucked [6d Qd]
Seat 5: Dorex2007 (button) folded before Flop (didn't bet)
Seat 7: LedeniCar (small blind) showed [8c 9c] and won ($0.62) with a flush, Nine high
Seat 8: edivaldo637 (big blind) folded on the Flop
Seat 9: Tobiz89 folded before Flop (didn't bet)



PokerStars Hand #237032301318:  Hold'em No Limit ($0.01/$0.02 USD) - 2022/06/27 20:41:01 PT [2022/06/27 23:41:01 ET]
Table 'Larissa' 9-max Seat #7 is the button
Seat 1: vero2610 ($1.32 in chips) 
Seat 3: xzzenjoy123 ($2.54 in chips) 
Seat 4: alfreud777 ($1.33 in chips) 
Seat 5: Dorex2007 ($2 in chips) 
Seat 7: LedeniCar ($2.32 in chips) 
Seat 8: edivaldo637 ($1.84 in chips) 
Seat 9: Tobiz89 ($2 in chips) 
edivaldo637: posts small blind $0.01
Tobiz89: posts big blind $0.02
sanyok1135: sits out 
*** HOLE CARDS ***
Dealt to Dorex2007 [Jd 4h]
vero2610: folds 
xzzenjoy123: folds 
alfreud777: folds 
Dorex2007: folds 
LedeniCar: raises $0.03 to $0.05
edivaldo637: calls $0.04
Tobiz89: folds 
*** FLOP *** [Qs Qd 5c]
edivaldo637: checks 
LedeniCar: bets $0.02
edivaldo637: calls $0.02
*** TURN *** [Qs Qd 5c] [6d]
edivaldo637: checks 
LedeniCar: bets $0.02
edivaldo637: calls $0.02
*** RIVER *** [Qs Qd 5c 6d] [Jh]
edivaldo637: checks 
LedeniCar: bets $0.02
edivaldo637: calls $0.02
*** SHOW DOWN ***
LedeniCar: shows [Kh Ac] (a pair of Queens)
edivaldo637: mucks hand 
LedeniCar collected $0.23 from pot
*** SUMMARY ***
Total pot $0.24 | Rake $0.01 
Board [Qs Qd 5c 6d Jh]
Seat 1: vero2610 folded before Flop (didn't bet)
Seat 3: xzzenjoy123 folded before Flop (didn't bet)
Seat 4: alfreud777 folded before Flop (didn't bet)
Seat 5: Dorex2007 folded before Flop (didn't bet)
Seat 7: LedeniCar (button) showed [Kh Ac] and won ($0.23) with a pair of Queens
Seat 8: edivaldo637 (small blind) mucked [8s Ah]
Seat 9: Tobiz89 (big blind) folded before Flop



PokerStars Hand #237032306462:  Hold'em No Limit ($0.01/$0.02 USD) - 2022/06/27 20:41:36 PT [2022/06/27 23:41:36 ET]
Table 'Larissa' 9-max Seat #8 is the button
Seat 1: vero2610 ($1.32 in chips) 
Seat 3: xzzenjoy123 ($2.54 in chips) 
Seat 4: alfreud777 ($1.33 in chips) 
Seat 5: Dorex2007 ($2 in chips) 
Seat 7: LedeniCar ($2.44 in chips) 
Seat 8: edivaldo637 ($1.73 in chips) 
Seat 9: Tobiz89 ($2 in chips) 
Tobiz89: posts small blind $0.01
vero2610: posts big blind $0.02
sanyok1135: sits out 
*** HOLE CARDS ***
Dealt to Dorex2007 [8d Ks]
xzzenjoy123: folds 
alfreud777: calls $0.02
Dorex2007: folds 
LedeniCar: calls $0.02
edivaldo637: folds 
Tobiz89: folds 
vero2610: checks 
*** FLOP *** [6s 4h Qh]
vero2610: checks 
alfreud777: checks 
LedeniCar: checks 
*** TURN *** [6s 4h Qh] [9h]
vero2610: checks 
alfreud777: checks 
LedeniCar: checks 
*** RIVER *** [6s 4h Qh 9h] [3h]
vero2610: checks 
alfreud777: bets $0.06
LedeniCar: folds 
vero2610: folds 
Uncalled bet ($0.06) returned to alfreud777
alfreud777 collected $0.07 from pot
*** SUMMARY ***
Total pot $0.07 | Rake $0 
Board [6s 4h Qh 9h 3h]
Seat 1: vero2610 (big blind) folded on the River
Seat 3: xzzenjoy123 folded before Flop (didn't bet)
Seat 4: alfreud777 collected ($0.07)
Seat 5: Dorex2007 folded before Flop (didn't bet)
Seat 7: LedeniCar folded on the River
Seat 8: edivaldo637 (button) folded before Flop (didn't bet)
Seat 9: Tobiz89 (small blind) folded before Flop



PokerStars Hand #237032313618:  Hold'em No Limit ($0.01/$0.02 USD) - 2022/06/27 20:42:24 PT [2022/06/27 23:42:24 ET]
Table 'Larissa' 9-max Seat #9 is the button
Seat 1: vero2610 ($1.30 in chips) 
Seat 3: xzzenjoy123 ($2.54 in chips) 
Seat 4: alfreud777 ($1.38 in chips) 
Seat 5: Dorex2007 ($2 in chips) 
Seat 6: sanyok1135 ($1.60 in chips) 
Seat 7: LedeniCar ($2.42 in chips) 
Seat 8: edivaldo637 ($1.73 in chips) 
Seat 9: Tobiz89 ($2 in chips) 
vero2610: posts small blind $0.01
xzzenjoy123: posts big blind $0.02
sanyok1135: posts big blind $0.02
*** HOLE CARDS ***
Dealt to Dorex2007 [Th Tc]
alfreud777: folds 
Dorex2007: raises $0.06 to $0.08
sanyok1135: calls $0.06
LedeniCar: raises $0.28 to $0.36
edivaldo637: folds 
Tobiz89: folds 
vero2610: folds 
xzzenjoy123: folds 
Dorex2007: folds 
sanyok1135: folds 
Uncalled bet ($0.28) returned to LedeniCar
LedeniCar collected $0.27 from pot
*** SUMMARY ***
Total pot $0.27 | Rake $0 
Seat 1: vero2610 (small blind) folded before Flop
Seat 3: xzzenjoy123 (big blind) folded before Flop
Seat 4: alfreud777 folded before Flop (didn't bet)
Seat 5: Dorex2007 folded before Flop
Seat 6: sanyok1135 folded before Flop
Seat 7: LedeniCar collected ($0.27)
Seat 8: edivaldo637 folded before Flop (didn't bet)
Seat 9: Tobiz89 (button) folded before Flop (didn't bet)



PokerStars Hand #237032321730:  Hold'em No Limit ($0.01/$0.02 USD) - 2022/06/27 20:43:19 PT [2022/06/27 23:43:19 ET]
Table 'Larissa' 9-max Seat #1 is the button
Seat 1: vero2610 ($1.29 in chips) 
Seat 3: xzzenjoy123 ($2.52 in chips) 
Seat 4: alfreud777 ($1.38 in chips) 
Seat 5: Dorex2007 ($2 in chips) 
Seat 6: sanyok1135 ($1.52 in chips) 
Seat 7: LedeniCar ($2.61 in chips) 
Seat 8: edivaldo637 ($1.73 in chips) 
Seat 9: Tobiz89 ($2 in chips) 
xzzenjoy123: posts small blind $0.01
alfreud777: posts big blind $0.02
*** HOLE CARDS ***
Dealt to Dorex2007 [9c Qd]
Dorex2007: folds 
sanyok1135: folds 
LedeniCar: folds 
edivaldo637: calls $0.02
Tobiz89: raises $0.08 to $0.10
vero2610: folds 
xzzenjoy123: folds 
alfreud777: folds 
edivaldo637: calls $0.08
*** FLOP *** [6c Th 6h]
edivaldo637: checks 
Tobiz89: bets $0.15
edivaldo637: folds 
Uncalled bet ($0.15) returned to Tobiz89
Tobiz89 collected $0.22 from pot
*** SUMMARY ***
Total pot $0.23 | Rake $0.01 
Board [6c Th 6h]
Seat 1: vero2610 (button) folded before Flop (didn't bet)
Seat 3: xzzenjoy123 (small blind) folded before Flop
Seat 4: alfreud777 (big blind) folded before Flop
Seat 5: Dorex2007 folded before Flop (didn't bet)
Seat 6: sanyok1135 folded before Flop (didn't bet)
Seat 7: LedeniCar folded before Flop (didn't bet)
Seat 8: edivaldo637 folded on the Flop
Seat 9: Tobiz89 collected ($0.22)



PokerStars Hand #237032325862:  Hold'em No Limit ($0.01/$0.02 USD) - 2022/06/27 20:43:47 PT [2022/06/27 23:43:47 ET]
Table 'Larissa' 9-max Seat #3 is the button
Seat 1: vero2610 ($1.29 in chips) 
Seat 3: xzzenjoy123 ($2.51 in chips) 
Seat 4: alfreud777 ($1.36 in chips) 
Seat 5: Dorex2007 ($2 in chips) 
Seat 6: sanyok1135 ($1.52 in chips) 
Seat 7: LedeniCar ($2.61 in chips) 
Seat 8: edivaldo637 ($1.63 in chips) 
Seat 9: Tobiz89 ($2.12 in chips) 
alfreud777: posts small blind $0.01
Dorex2007: posts big blind $0.02
*** HOLE CARDS ***
Dealt to Dorex2007 [Td 5h]
sanyok1135: folds 
LedeniCar: folds 
edivaldo637: folds 
Tobiz89: folds 
vero2610: raises $0.04 to $0.06
xzzenjoy123: folds 
alfreud777: calls $0.05
Dorex2007: folds 
*** FLOP *** [Qh 8h Ks]
alfreud777: bets $0.07
vero2610: calls $0.07
*** TURN *** [Qh 8h Ks] [Jd]
alfreud777: bets $0.12
vero2610: calls $0.12
*** RIVER *** [Qh 8h Ks Jd] [Kd]
alfreud777: checks 
vero2610: checks 
*** SHOW DOWN ***
alfreud777: shows [Qc Ah] (two pair, Kings and Queens)
vero2610: shows [As Ac] (two pair, Aces and Kings)
vero2610 collected $0.50 from pot
*** SUMMARY ***
Total pot $0.52 | Rake $0.02 
Board [Qh 8h Ks Jd Kd]
Seat 1: vero2610 showed [As Ac] and won ($0.50) with two pair, Aces and Kings
Seat 3: xzzenjoy123 (button) folded before Flop (didn't bet)
Seat 4: alfreud777 (small blind) showed [Qc Ah] and lost with two pair, Kings and Queens
Seat 5: Dorex2007 (big blind) folded before Flop
Seat 6: sanyok1135 folded before Flop (didn't bet)
Seat 7: LedeniCar folded before Flop (didn't bet)
Seat 8: edivaldo637 folded before Flop (didn't bet)
Seat 9: Tobiz89 folded before Flop (didn't bet)



PokerStars Hand #237032334795:  Hold'em No Limit ($0.01/$0.02 USD) - 2022/06/27 20:44:49 PT [2022/06/27 23:44:49 ET]
Table 'Larissa' 9-max Seat #4 is the button
Seat 1: vero2610 ($1.54 in chips) 
Seat 3: xzzenjoy123 ($2.51 in chips) 
Seat 4: alfreud777 ($1.11 in chips) 
Seat 5: Dorex2007 ($2 in chips) 
Seat 6: sanyok1135 ($1.52 in chips) 
Seat 7: LedeniCar ($2.61 in chips) 
Seat 8: edivaldo637 ($1.63 in chips) 
Seat 9: Tobiz89 ($2.12 in chips) 
Dorex2007: posts small blind $0.01
sanyok1135: posts big blind $0.02
*** HOLE CARDS ***
Dealt to Dorex2007 [4s 2h]
LedeniCar: folds 
edivaldo637: folds 
Tobiz89: folds 
vero2610: folds 
xzzenjoy123: raises $0.02 to $0.04
alfreud777: raises $0.14 to $0.18
Dorex2007: folds 
sanyok1135: calls $0.16
xzzenjoy123: calls $0.14
*** FLOP *** [9h 7h 6s]
sanyok1135: checks 
xzzenjoy123: checks 
alfreud777: bets $0.53
sanyok1135: folds 
xzzenjoy123: folds 
Uncalled bet ($0.53) returned to alfreud777
alfreud777 collected $0.53 from pot
*** SUMMARY ***
Total pot $0.55 | Rake $0.02 
Board [9h 7h 6s]
Seat 1: vero2610 folded before Flop (didn't bet)
Seat 3: xzzenjoy123 folded on the Flop
Seat 4: alfreud777 (button) collected ($0.53)
Seat 5: Dorex2007 (small blind) folded before Flop
Seat 6: sanyok1135 (big blind) folded on the Flop
Seat 7: LedeniCar folded before Flop (didn't bet)
Seat 8: edivaldo637 folded before Flop (didn't bet)
Seat 9: Tobiz89 folded before Flop (didn't bet)



PokerStars Hand #237032346078:  Hold'em No Limit ($0.01/$0.02 USD) - 2022/06/27 20:45:47 PT [2022/06/27 23:45:47 ET]
Table 'Larissa' 9-max Seat #5 is the button
Seat 1: vero2610 ($1.54 in chips) 
Seat 3: xzzenjoy123 ($2.33 in chips) 
Seat 4: alfreud777 ($1.46 in chips) 
Seat 5: Dorex2007 ($2 in chips) 
Seat 6: sanyok1135 ($1.34 in chips) 
Seat 7: LedeniCar ($2.61 in chips) 
Seat 8: edivaldo637 ($1.63 in chips) 
Seat 9: Tobiz89 ($2.12 in chips) 
sanyok1135: posts small blind $0.01
LedeniCar: posts big blind $0.02
*** HOLE CARDS ***
Dealt to Dorex2007 [2d 4c]
edivaldo637: calls $0.02
Tobiz89: folds 
vero2610: folds 
xzzenjoy123: folds 
alfreud777: folds 
Dorex2007: folds 
sanyok1135: folds 
LedeniCar: checks 
*** FLOP *** [6h 8h Qs]
LedeniCar: checks 
edivaldo637: checks 
*** TURN *** [6h 8h Qs] [5h]
LedeniCar: checks 
edivaldo637: checks 
*** RIVER *** [6h 8h Qs 5h] [Kh]
LedeniCar: bets $0.02
edivaldo637: calls $0.02
*** SHOW DOWN ***
LedeniCar: shows [Kc 9s] (a pair of Kings)
edivaldo637: shows [6d Kd] (two pair, Kings and Sixes)
edivaldo637 collected $0.09 from pot
*** SUMMARY ***
Total pot $0.09 | Rake $0 
Board [6h 8h Qs 5h Kh]
Seat 1: vero2610 folded before Flop (didn't bet)
Seat 3: xzzenjoy123 folded before Flop (didn't bet)
Seat 4: alfreud777 folded before Flop (didn't bet)
Seat 5: Dorex2007 (button) folded before Flop (didn't bet)
Seat 6: sanyok1135 (small blind) folded before Flop
Seat 7: LedeniCar (big blind) showed [Kc 9s] and lost with a pair of Kings
Seat 8: edivaldo637 showed [6d Kd] and won ($0.09) with two pair, Kings and Sixes
Seat 9: Tobiz89 folded before Flop (didn't bet)



PokerStars Hand #237032351280:  Hold'em No Limit ($0.01/$0.02 USD) - 2022/06/27 20:46:23 PT [2022/06/27 23:46:23 ET]
Table 'Larissa' 9-max Seat #6 is the button
Seat 1: vero2610 ($1.54 in chips) 
Seat 3: xzzenjoy123 ($2.33 in chips) 
Seat 4: alfreud777 ($1.46 in chips) 
Seat 5: Dorex2007 ($2 in chips) 
Seat 6: sanyok1135 ($1.33 in chips) 
Seat 7: LedeniCar ($2.57 in chips) 
Seat 8: edivaldo637 ($1.68 in chips) 
Seat 9: Tobiz89 ($2.12 in chips) 
LedeniCar: posts small blind $0.01
edivaldo637: posts big blind $0.02
*** HOLE CARDS ***
Dealt to Dorex2007 [Js 7c]
Tobiz89: folds 
vero2610: folds 
xzzenjoy123: raises $0.04 to $0.06
alfreud777: folds 
Dorex2007: folds 
sanyok1135: raises $0.04 to $0.10
LedeniCar: folds 
edivaldo637: calls $0.08
xzzenjoy123: raises $0.08 to $0.18
sanyok1135: raises $0.08 to $0.26
edivaldo637: calls $0.16
xzzenjoy123: calls $0.08
*** FLOP *** [Qc 2c Ad]
edivaldo637: bets $0.02
xzzenjoy123: raises $0.36 to $0.38
sanyok1135: calls $0.38
edivaldo637: calls $0.36
*** TURN *** [Qc 2c Ad] [3c]
edivaldo637: checks 
xzzenjoy123: checks 
sanyok1135: checks 
*** RIVER *** [Qc 2c Ad 3c] [Ah]
edivaldo637: bets $1.04 and is all-in
xzzenjoy123: calls $1.04
sanyok1135: calls $0.69 and is all-in
*** SHOW DOWN ***
edivaldo637: shows [Ac Td] (three of a kind, Aces)
xzzenjoy123: shows [Qs As] (a full house, Aces full of Queens)
xzzenjoy123 collected $0.68 from side pot
sanyok1135: shows [Kc Ks] (two pair, Aces and Kings)
xzzenjoy123 collected $3.86 from main pot
*** SUMMARY ***
Total pot $4.70 Main pot $3.86. Side pot $0.68. | Rake $0.16 
Board [Qc 2c Ad 3c Ah]
Seat 1: vero2610 folded before Flop (didn't bet)
Seat 3: xzzenjoy123 showed [Qs As] and won ($4.54) with a full house, Aces full of Queens
Seat 4: alfreud777 folded before Flop (didn't bet)
Seat 5: Dorex2007 folded before Flop (didn't bet)
Seat 6: sanyok1135 (button) showed [Kc Ks] and lost with two pair, Aces and Kings
Seat 7: LedeniCar (small blind) folded before Flop
Seat 8: edivaldo637 (big blind) showed [Ac Td] and lost with three of a kind, Aces
Seat 9: Tobiz89 folded before Flop (didn't bet)



PokerStars Hand #237032362634:  Hold'em No Limit ($0.01/$0.02 USD) - 2022/06/27 20:47:41 PT [2022/06/27 23:47:41 ET]
Table 'Larissa' 9-max Seat #7 is the button
Seat 1: vero2610 ($1.54 in chips) 
Seat 3: xzzenjoy123 ($5.19 in chips) 
Seat 4: alfreud777 ($1.46 in chips) 
Seat 5: Dorex2007 ($2 in chips) 
Seat 7: LedeniCar ($2.56 in chips) 
Seat 9: Tobiz89 ($2.12 in chips) 
Tobiz89: posts small blind $0.01
vero2610: posts big blind $0.02
*** HOLE CARDS ***
Dealt to Dorex2007 [Th 3s]
xzzenjoy123: calls $0.02
alfreud777: calls $0.02
Dorex2007: folds 
LedeniCar: calls $0.02
Tobiz89: folds 
vero2610: checks 
*** FLOP *** [2d Jh 7h]
vero2610: checks 
sanyok1135 leaves the table
xzzenjoy123: bets $0.06
alfreud777: folds 
LedeniCar: calls $0.06
vero2610: folds 
*** TURN *** [2d Jh 7h] [Kd]
xzzenjoy123: bets $0.10
LedeniCar: raises $0.44 to $0.54
ANetoGC joins the table at seat #6 
xzzenjoy123: calls $0.44
*** RIVER *** [2d Jh 7h Kd] [9h]
xzzenjoy123: checks 
LedeniCar: checks 
*** SHOW DOWN ***
xzzenjoy123: shows [Kh Js] (two pair, Kings and Jacks)
LedeniCar: mucks hand 
xzzenjoy123 collected $1.24 from pot
*** SUMMARY ***
Total pot $1.29 | Rake $0.05 
Board [2d Jh 7h Kd 9h]
Seat 1: vero2610 (big blind) folded on the Flop
Seat 3: xzzenjoy123 showed [Kh Js] and won ($1.24) with two pair, Kings and Jacks
Seat 4: alfreud777 folded on the Flop
Seat 5: Dorex2007 folded before Flop (didn't bet)
Seat 7: LedeniCar (button) mucked [5d Jd]
Seat 9: Tobiz89 (small blind) folded before Flop



PokerStars Hand #237032373328:  Hold'em No Limit ($0.01/$0.02 USD) - 2022/06/27 20:48:56 PT [2022/06/27 23:48:56 ET]
Table 'Larissa' 9-max Seat #9 is the button
Seat 1: vero2610 ($1.52 in chips) 
Seat 3: xzzenjoy123 ($5.81 in chips) 
Seat 4: alfreud777 ($1.44 in chips) 
Seat 5: Dorex2007 ($2 in chips) 
Seat 7: LedeniCar ($1.94 in chips) 
Seat 8: edivaldo637 ($2 in chips) 
Seat 9: Tobiz89 ($2.11 in chips) 
vero2610: posts small blind $0.01
xzzenjoy123: posts big blind $0.02
ANetoGC: sits out 
edivaldo637: posts small blind $0.01
*** HOLE CARDS ***
Dealt to Dorex2007 [3d 9c]
alfreud777: folds 
Dorex2007: folds 
LedeniCar: calls $0.02
edivaldo637: folds 
Tobiz89: folds 
vero2610: folds 
xzzenjoy123: checks 
*** FLOP *** [Qs Qd 6s]
xzzenjoy123: bets $0.02
LedeniCar: raises $0.02 to $0.04
xzzenjoy123: calls $0.02
*** TURN *** [Qs Qd 6s] [8d]
xzzenjoy123: checks 
LedeniCar: bets $0.02
xzzenjoy123: calls $0.02
*** RIVER *** [Qs Qd 6s 8d] [7s]
xzzenjoy123: bets $0.02
LedeniCar: calls $0.02
*** SHOW DOWN ***
xzzenjoy123: shows [6h 2c] (two pair, Queens and Sixes)
LedeniCar: shows [8s 9s] (a flush, Queen high)
LedeniCar collected $0.21 from pot
*** SUMMARY ***
Total pot $0.22 | Rake $0.01 
Board [Qs Qd 6s 8d 7s]
Seat 1: vero2610 (small blind) folded before Flop
Seat 3: xzzenjoy123 (big blind) showed [6h 2c] and lost with two pair, Queens and Sixes
Seat 4: alfreud777 folded before Flop (didn't bet)
Seat 5: Dorex2007 folded before Flop (didn't bet)
Seat 7: LedeniCar showed [8s 9s] and won ($0.21) with a flush, Queen high
Seat 8: edivaldo637 folded before Flop (didn't bet)
Seat 9: Tobiz89 (button) folded before Flop (didn't bet)



PokerStars Hand #237032379630:  Hold'em No Limit ($0.01/$0.02 USD) - 2022/06/27 20:49:40 PT [2022/06/27 23:49:40 ET]
Table 'Larissa' 9-max Seat #1 is the button
Seat 1: vero2610 ($1.51 in chips) 
Seat 3: xzzenjoy123 ($5.71 in chips) 
Seat 4: alfreud777 ($1.44 in chips) 
Seat 5: Dorex2007 ($2 in chips) 
Seat 7: LedeniCar ($2.05 in chips) 
Seat 8: edivaldo637 ($1.99 in chips) 
Seat 9: Tobiz89 ($2.11 in chips) 
xzzenjoy123: posts small blind $0.01
alfreud777: posts big blind $0.02
ANetoGC: sits out 
*** HOLE CARDS ***
Dealt to Dorex2007 [9s Ks]
Dorex2007: calls $0.02
LedeniCar: folds 
edivaldo637: calls $0.02
Tobiz89: folds 
vero2610: folds 
xzzenjoy123: calls $0.01
alfreud777: checks 
*** FLOP *** [5d 9h 5s]
xzzenjoy123: checks 
alfreud777: checks 
Dorex2007: bets $0.08
edivaldo637: folds 
xzzenjoy123: folds 
alfreud777: folds 
Uncalled bet ($0.08) returned to Dorex2007
Dorex2007 collected $0.08 from pot
*** SUMMARY ***
Total pot $0.08 | Rake $0 
Board [5d 9h 5s]
Seat 1: vero2610 (button) folded before Flop (didn't bet)
Seat 3: xzzenjoy123 (small blind) folded on the Flop
Seat 4: alfreud777 (big blind) folded on the Flop
Seat 5: Dorex2007 collected ($0.08)
Seat 7: LedeniCar folded before Flop (didn't bet)
Seat 8: edivaldo637 folded on the Flop
Seat 9: Tobiz89 folded before Flop (didn't bet)



PokerStars Hand #237032386564:  Hold'em No Limit ($0.01/$0.02 USD) - 2022/06/27 20:50:28 PT [2022/06/27 23:50:28 ET]
Table 'Larissa' 9-max Seat #3 is the button
Seat 1: vero2610 ($1.51 in chips) 
Seat 3: xzzenjoy123 ($5.69 in chips) 
Seat 4: alfreud777 ($1.42 in chips) 
Seat 5: Dorex2007 ($2.06 in chips) 
Seat 7: LedeniCar ($2.05 in chips) 
Seat 8: edivaldo637 ($1.97 in chips) 
Seat 9: Tobiz89 ($2.11 in chips) 
alfreud777: posts small blind $0.01
Dorex2007: posts big blind $0.02
ANetoGC: sits out 
SneakySoup: sits out 
*** HOLE CARDS ***
Dealt to Dorex2007 [6s 3d]
LedeniCar: calls $0.02
edivaldo637: calls $0.02
Tobiz89: folds 
vero2610: folds 
xzzenjoy123: calls $0.02
alfreud777: calls $0.01
Dorex2007: checks 
*** FLOP *** [5s 9d 9s]
alfreud777: checks 
Dorex2007: checks 
LedeniCar: checks 
edivaldo637: checks 
xzzenjoy123: checks 
*** TURN *** [5s 9d 9s] [Ad]
alfreud777: checks 
Dorex2007: checks 
LedeniCar: checks 
edivaldo637: bets $0.02
xzzenjoy123: folds 
alfreud777: folds 
Dorex2007: folds 
LedeniCar: calls $0.02
*** RIVER *** [5s 9d 9s Ad] [7h]
LedeniCar: checks 
edivaldo637: bets $0.02
LedeniCar: folds 
Uncalled bet ($0.02) returned to edivaldo637
edivaldo637 collected $0.14 from pot
*** SUMMARY ***
Total pot $0.14 | Rake $0 
Board [5s 9d 9s Ad 7h]
Seat 1: vero2610 folded before Flop (didn't bet)
Seat 3: xzzenjoy123 (button) folded on the Turn
Seat 4: alfreud777 (small blind) folded on the Turn
Seat 5: Dorex2007 (big blind) folded on the Turn
Seat 7: LedeniCar folded on the River
Seat 8: edivaldo637 collected ($0.14)
Seat 9: Tobiz89 folded before Flop (didn't bet)



PokerStars Hand #237032395224:  Hold'em No Limit ($0.01/$0.02 USD) - 2022/06/27 20:51:28 PT [2022/06/27 23:51:28 ET]
Table 'Larissa' 9-max Seat #4 is the button
Seat 1: vero2610 ($1.51 in chips) 
Seat 3: xzzenjoy123 ($5.67 in chips) 
Seat 4: alfreud777 ($1.40 in chips) 
Seat 5: Dorex2007 ($2.04 in chips) 
Seat 6: ANetoGC ($0.80 in chips) 
Seat 7: LedeniCar ($2.01 in chips) 
Seat 8: edivaldo637 ($2.07 in chips) 
Seat 9: Tobiz89 ($2.11 in chips) 
Dorex2007: posts small blind $0.01
ANetoGC: posts big blind $0.02
SneakySoup: sits out 
*** HOLE CARDS ***
Dealt to Dorex2007 [Ts 7d]
LedeniCar: folds 
edivaldo637: folds 
Tobiz89: folds 
vero2610: folds 
xzzenjoy123: calls $0.02
alfreud777: folds 
Dorex2007: folds 
ANetoGC: raises $0.05 to $0.07
xzzenjoy123: folds 
Uncalled bet ($0.05) returned to ANetoGC
ANetoGC collected $0.05 from pot
*** SUMMARY ***
Total pot $0.05 | Rake $0 
Seat 1: vero2610 folded before Flop (didn't bet)
Seat 3: xzzenjoy123 folded before Flop
Seat 4: alfreud777 (button) folded before Flop (didn't bet)
Seat 5: Dorex2007 (small blind) folded before Flop
Seat 6: ANetoGC (big blind) collected ($0.05)
Seat 7: LedeniCar folded before Flop (didn't bet)
Seat 8: edivaldo637 folded before Flop (didn't bet)
Seat 9: Tobiz89 folded before Flop (didn't bet)



PokerStars Hand #237032398523:  Hold'em No Limit ($0.01/$0.02 USD) - 2022/06/27 20:51:51 PT [2022/06/27 23:51:51 ET]
Table 'Larissa' 9-max Seat #5 is the button
Seat 1: vero2610 ($1.51 in chips) 
Seat 3: xzzenjoy123 ($5.65 in chips) 
Seat 4: alfreud777 ($1.40 in chips) 
Seat 5: Dorex2007 ($2.03 in chips) 
Seat 6: ANetoGC ($0.83 in chips) 
Seat 7: LedeniCar ($2.01 in chips) 
Seat 8: edivaldo637 ($2.07 in chips) 
Seat 9: Tobiz89 ($2.11 in chips) 
ANetoGC: posts small blind $0.01
LedeniCar: posts big blind $0.02
SneakySoup: sits out 
*** HOLE CARDS ***
Dealt to Dorex2007 [2h Jd]
edivaldo637: folds 
Tobiz89: folds 
vero2610: raises $0.05 to $0.07
xzzenjoy123: folds 
alfreud777: folds 
Dorex2007: folds 
ANetoGC: calls $0.06
LedeniCar: folds 
*** FLOP *** [8h Jc 4c]
ANetoGC: bets $0.07
vero2610: folds 
Uncalled bet ($0.07) returned to ANetoGC
ANetoGC collected $0.15 from pot
*** SUMMARY ***
Total pot $0.16 | Rake $0.01 
Board [8h Jc 4c]
Seat 1: vero2610 folded on the Flop
Seat 3: xzzenjoy123 folded before Flop (didn't bet)
Seat 4: alfreud777 folded before Flop (didn't bet)
Seat 5: Dorex2007 (button) folded before Flop (didn't bet)
Seat 6: ANetoGC (small blind) collected ($0.15)
Seat 7: LedeniCar (big blind) folded before Flop
Seat 8: edivaldo637 folded before Flop (didn't bet)
Seat 9: Tobiz89 folded before Flop (didn't bet)



PokerStars Hand #237032403956:  Hold'em No Limit ($0.01/$0.02 USD) - 2022/06/27 20:52:28 PT [2022/06/27 23:52:28 ET]
Table 'Larissa' 9-max Seat #6 is the button
Seat 1: vero2610 ($1.44 in chips) 
Seat 3: xzzenjoy123 ($5.65 in chips) 
Seat 4: alfreud777 ($1.40 in chips) 
Seat 5: Dorex2007 ($2.03 in chips) 
Seat 6: ANetoGC ($0.91 in chips) 
Seat 7: LedeniCar ($1.99 in chips) 
Seat 8: edivaldo637 ($2.07 in chips) 
Seat 9: Tobiz89 ($2.11 in chips) 
LedeniCar: posts small blind $0.01
edivaldo637: posts big blind $0.02
SneakySoup: sits out 
*** HOLE CARDS ***
Dealt to Dorex2007 [4s 5c]
Tobiz89: folds 
vero2610: folds 
xzzenjoy123: raises $0.06 to $0.08
alfreud777: folds 
Dorex2007: folds 
ANetoGC: calls $0.08
LedeniCar: folds 
edivaldo637: folds 
*** FLOP *** [Qc 3s Tc]
xzzenjoy123: bets $0.04
ANetoGC: calls $0.04
*** TURN *** [Qc 3s Tc] [5s]
xzzenjoy123: bets $0.16
ANetoGC: calls $0.16
*** RIVER *** [Qc 3s Tc 5s] [Ac]
xzzenjoy123: bets $0.12
ANetoGC: raises $0.51 to $0.63 and is all-in
xzzenjoy123: calls $0.51
*** SHOW DOWN ***
ANetoGC: shows [Jc Kc] (a Royal Flush)
xzzenjoy123: shows [Qd Td] (two pair, Queens and Tens)
ANetoGC collected $1.79 from pot
*** SUMMARY ***
Total pot $1.85 | Rake $0.06 
Board [Qc 3s Tc 5s Ac]
Seat 1: vero2610 folded before Flop (didn't bet)
Seat 3: xzzenjoy123 showed [Qd Td] and lost with two pair, Queens and Tens
Seat 4: alfreud777 folded before Flop (didn't bet)
Seat 5: Dorex2007 folded before Flop (didn't bet)
Seat 6: ANetoGC (button) showed [Jc Kc] and won ($1.79) with a Royal Flush
Seat 7: LedeniCar (small blind) folded before Flop
Seat 8: edivaldo637 (big blind) folded before Flop
Seat 9: Tobiz89 folded before Flop (didn't bet)



PokerStars Hand #237032413169:  Hold'em No Limit ($0.01/$0.02 USD) - 2022/06/27 20:53:33 PT [2022/06/27 23:53:33 ET]
Table 'Larissa' 9-max Seat #7 is the button
Seat 1: vero2610 ($1.44 in chips) 
Seat 3: xzzenjoy123 ($4.74 in chips) 
Seat 4: alfreud777 ($1.40 in chips) 
Seat 5: Dorex2007 ($2.03 in chips) 
Seat 6: ANetoGC ($1.79 in chips) 
Seat 7: LedeniCar ($1.98 in chips) 
Seat 8: edivaldo637 ($2.05 in chips) 
Seat 9: Tobiz89 ($2.11 in chips) 
edivaldo637: posts small blind $0.01
Tobiz89: posts big blind $0.02
SneakySoup: sits out 
*** HOLE CARDS ***
Dealt to Dorex2007 [Qs 4d]
vero2610: folds 
xzzenjoy123: calls $0.02
alfreud777: calls $0.02
Dorex2007: folds 
ANetoGC: calls $0.02
LedeniCar: folds 
edivaldo637: calls $0.01
Tobiz89: checks 
*** FLOP *** [5s 2h Js]
edivaldo637: checks 
Tobiz89: checks 
xzzenjoy123: checks 
alfreud777: checks 
ANetoGC: checks 
*** TURN *** [5s 2h Js] [6s]
edivaldo637: checks 
Tobiz89: checks 
xzzenjoy123: bets $0.10
alfreud777: folds 
ANetoGC: folds 
edivaldo637: folds 
Tobiz89: folds 
Uncalled bet ($0.10) returned to xzzenjoy123
xzzenjoy123 collected $0.10 from pot
*** SUMMARY ***
Total pot $0.10 | Rake $0 
Board [5s 2h Js 6s]
Seat 1: vero2610 folded before Flop (didn't bet)
Seat 3: xzzenjoy123 collected ($0.10)
Seat 4: alfreud777 folded on the Turn
Seat 5: Dorex2007 folded before Flop (didn't bet)
Seat 6: ANetoGC folded on the Turn
Seat 7: LedeniCar (button) folded before Flop (didn't bet)
Seat 8: edivaldo637 (small blind) folded on the Turn
Seat 9: Tobiz89 (big blind) folded on the Turn



PokerStars Hand #237032426237:  Hold'em No Limit ($0.01/$0.02 USD) - 2022/06/27 20:55:07 PT [2022/06/27 23:55:07 ET]
Table 'Larissa' 9-max Seat #8 is the button
Seat 1: vero2610 ($1.44 in chips) 
Seat 3: xzzenjoy123 ($4.82 in chips) 
Seat 4: alfreud777 ($1.38 in chips) 
Seat 5: Dorex2007 ($2.03 in chips) 
Seat 6: ANetoGC ($1.77 in chips) 
Seat 7: LedeniCar ($1.98 in chips) 
Seat 8: edivaldo637 ($2.03 in chips) 
Seat 9: Tobiz89 ($2.09 in chips) 
Tobiz89: posts small blind $0.01
vero2610: posts big blind $0.02
SneakySoup: sits out 
*** HOLE CARDS ***
Dealt to Dorex2007 [5s 3h]
xzzenjoy123: raises $0.04 to $0.06
alfreud777: folds 
Dorex2007: folds 
ANetoGC: calls $0.06
LedeniCar: calls $0.06
edivaldo637: folds 
Tobiz89: folds 
vero2610: folds 
*** FLOP *** [8s 2d 9c]
xzzenjoy123: bets $0.06
ANetoGC: calls $0.06
LedeniCar: calls $0.06
*** TURN *** [8s 2d 9c] [3d]
xzzenjoy123: bets $0.30
ANetoGC: folds 
LedeniCar: calls $0.30
*** RIVER *** [8s 2d 9c 3d] [5h]
xzzenjoy123: checks 
LedeniCar: checks 
*** SHOW DOWN ***
xzzenjoy123: shows [Ah Ac] (a pair of Aces)
LedeniCar: mucks hand 
xzzenjoy123 collected $0.96 from pot
*** SUMMARY ***
Total pot $0.99 | Rake $0.03 
Board [8s 2d 9c 3d 5h]
Seat 1: vero2610 (big blind) folded before Flop
Seat 3: xzzenjoy123 showed [Ah Ac] and won ($0.96) with a pair of Aces
Seat 4: alfreud777 folded before Flop (didn't bet)
Seat 5: Dorex2007 folded before Flop (didn't bet)
Seat 6: ANetoGC folded on the Turn
Seat 7: LedeniCar mucked [7d 8d]
Seat 8: edivaldo637 (button) folded before Flop (didn't bet)
Seat 9: Tobiz89 (small blind) folded before Flop



PokerStars Hand #237032433231:  Hold'em No Limit ($0.01/$0.02 USD) - 2022/06/27 20:56:06 PT [2022/06/27 23:56:06 ET]
Table 'Larissa' 9-max Seat #9 is the button
Seat 1: vero2610 ($1.42 in chips) 
Seat 2: SneakySoup ($2.06 in chips) 
Seat 3: xzzenjoy123 ($5.36 in chips) 
Seat 4: alfreud777 ($1.38 in chips) 
Seat 5: Dorex2007 ($2.03 in chips) 
Seat 6: ANetoGC ($1.65 in chips) 
Seat 7: LedeniCar ($1.56 in chips) 
Seat 8: edivaldo637 ($2.03 in chips) 
Seat 9: Tobiz89 ($2.08 in chips) 
vero2610: posts small blind $0.01
SneakySoup: posts big blind $0.02
*** HOLE CARDS ***
Dealt to Dorex2007 [Kc Ah]
xzzenjoy123: calls $0.02
alfreud777: raises $0.14 to $0.16
Dorex2007: calls $0.16
ANetoGC: folds 
LedeniCar: folds 
edivaldo637: folds 
Tobiz89: folds 
vero2610: folds 
SneakySoup: folds 
xzzenjoy123: folds 
*** FLOP *** [4c 5h 8h]
alfreud777: bets $0.36
Dorex2007: folds 
Uncalled bet ($0.36) returned to alfreud777
alfreud777 collected $0.36 from pot
*** SUMMARY ***
Total pot $0.37 | Rake $0.01 
Board [4c 5h 8h]
Seat 1: vero2610 (small blind) folded before Flop
Seat 2: SneakySoup (big blind) folded before Flop
Seat 3: xzzenjoy123 folded before Flop
Seat 4: alfreud777 collected ($0.36)
Seat 5: Dorex2007 folded on the Flop
Seat 6: ANetoGC folded before Flop (didn't bet)
Seat 7: LedeniCar folded before Flop (didn't bet)
Seat 8: edivaldo637 folded before Flop (didn't bet)
Seat 9: Tobiz89 (button) folded before Flop (didn't bet)



PokerStars Hand #237032439092:  Hold'em No Limit ($0.01/$0.02 USD) - 2022/06/27 20:56:55 PT [2022/06/27 23:56:55 ET]
Table 'Larissa' 9-max Seat #1 is the button
Seat 1: vero2610 ($1.41 in chips) 
Seat 2: SneakySoup ($2.04 in chips) 
Seat 3: xzzenjoy123 ($5.34 in chips) 
Seat 4: alfreud777 ($1.58 in chips) 
Seat 5: Dorex2007 ($2 in chips) 
Seat 6: ANetoGC ($1.65 in chips) 
Seat 7: LedeniCar ($1.56 in chips) 
Seat 8: edivaldo637 ($2.03 in chips) 
Seat 9: Tobiz89 ($2.08 in chips) 
SneakySoup: posts small blind $0.01
xzzenjoy123: posts big blind $0.02
*** HOLE CARDS ***
Dealt to Dorex2007 [Js 6h]
alfreud777: calls $0.02
Dorex2007: folds 
ANetoGC: folds 
LedeniCar: folds 
edivaldo637: calls $0.02
Tobiz89: raises $0.10 to $0.12
vero2610: folds 
SneakySoup: folds 
xzzenjoy123: folds 
alfreud777: folds 
edivaldo637: calls $0.10
*** FLOP *** [7s Th Qs]
edivaldo637: checks 
Tobiz89: bets $0.18
edivaldo637: folds 
Uncalled bet ($0.18) returned to Tobiz89
Tobiz89 collected $0.28 from pot
*** SUMMARY ***
Total pot $0.29 | Rake $0.01 
Board [7s Th Qs]
Seat 1: vero2610 (button) folded before Flop (didn't bet)
Seat 2: SneakySoup (small blind) folded before Flop
Seat 3: xzzenjoy123 (big blind) folded before Flop
Seat 4: alfreud777 folded before Flop
Seat 5: Dorex2007 folded before Flop (didn't bet)
Seat 6: ANetoGC folded before Flop (didn't bet)
Seat 7: LedeniCar folded before Flop (didn't bet)
Seat 8: edivaldo637 folded on the Flop
Seat 9: Tobiz89 collected ($0.28)



PokerStars Hand #237032444519:  Hold'em No Limit ($0.01/$0.02 USD) - 2022/06/27 20:57:42 PT [2022/06/27 23:57:42 ET]
Table 'Larissa' 9-max Seat #2 is the button
Seat 1: vero2610 ($1.41 in chips) 
Seat 2: SneakySoup ($2.03 in chips) 
Seat 3: xzzenjoy123 ($5.32 in chips) 
Seat 4: alfreud777 ($1.56 in chips) 
Seat 5: Dorex2007 ($2 in chips) 
Seat 6: ANetoGC ($1.65 in chips) 
Seat 7: LedeniCar ($1.56 in chips) 
Seat 8: edivaldo637 ($1.91 in chips) 
Seat 9: Tobiz89 ($2.24 in chips) 
xzzenjoy123: posts small blind $0.01
alfreud777: posts big blind $0.02
*** HOLE CARDS ***
Dealt to Dorex2007 [9d 8c]
Dorex2007: folds 
ANetoGC: folds 
LedeniCar: folds 
edivaldo637: folds 
Tobiz89: folds 
vero2610: folds 
SneakySoup: raises $0.04 to $0.06
xzzenjoy123: folds 
alfreud777: folds 
Uncalled bet ($0.04) returned to SneakySoup
SneakySoup collected $0.05 from pot
*** SUMMARY ***
Total pot $0.05 | Rake $0 
Seat 1: vero2610 folded before Flop (didn't bet)
Seat 2: SneakySoup (button) collected ($0.05)
Seat 3: xzzenjoy123 (small blind) folded before Flop
Seat 4: alfreud777 (big blind) folded before Flop
Seat 5: Dorex2007 folded before Flop (didn't bet)
Seat 6: ANetoGC folded before Flop (didn't bet)
Seat 7: LedeniCar folded before Flop (didn't bet)
Seat 8: edivaldo637 folded before Flop (didn't bet)
Seat 9: Tobiz89 folded before Flop (didn't bet)



PokerStars Hand #237032449034:  Hold'em No Limit ($0.01/$0.02 USD) - 2022/06/27 20:58:20 PT [2022/06/27 23:58:20 ET]
Table 'Larissa' 9-max Seat #3 is the button
Seat 1: vero2610 ($1.41 in chips) 
Seat 2: SneakySoup ($2.06 in chips) 
Seat 3: xzzenjoy123 ($5.31 in chips) 
Seat 4: alfreud777 ($1.54 in chips) 
Seat 5: Dorex2007 ($2 in chips) 
Seat 6: ANetoGC ($1.65 in chips) 
Seat 7: LedeniCar ($1.56 in chips) 
Seat 8: edivaldo637 ($1.91 in chips) 
Seat 9: Tobiz89 ($2.24 in chips) 
alfreud777: posts small blind $0.01
Dorex2007: posts big blind $0.02
*** HOLE CARDS ***
Dealt to Dorex2007 [8s 9s]
ANetoGC: calls $0.02
LedeniCar: folds 
edivaldo637: folds 
Tobiz89: raises $0.10 to $0.12
vero2610: folds 
SneakySoup: folds 
xzzenjoy123: folds 
alfreud777: folds 
Dorex2007: folds 
ANetoGC: calls $0.10
*** FLOP *** [Tc Ks Jh]
ANetoGC: checks 
Tobiz89: checks 
*** TURN *** [Tc Ks Jh] [3h]
ANetoGC: bets $0.13
Tobiz89: folds 
Uncalled bet ($0.13) returned to ANetoGC
ANetoGC collected $0.26 from pot
*** SUMMARY ***
Total pot $0.27 | Rake $0.01 
Board [Tc Ks Jh 3h]
Seat 1: vero2610 folded before Flop (didn't bet)
Seat 2: SneakySoup folded before Flop (didn't bet)
Seat 3: xzzenjoy123 (button) folded before Flop (didn't bet)
Seat 4: alfreud777 (small blind) folded before Flop
Seat 5: Dorex2007 (big blind) folded before Flop
Seat 6: ANetoGC collected ($0.26)
Seat 7: LedeniCar folded before Flop (didn't bet)
Seat 8: edivaldo637 folded before Flop (didn't bet)
Seat 9: Tobiz89 folded on the Turn



PokerStars Hand #237032454928:  Hold'em No Limit ($0.01/$0.02 USD) - 2022/06/27 20:59:09 PT [2022/06/27 23:59:09 ET]
Table 'Larissa' 9-max Seat #5 is the button
Seat 1: vero2610 ($1.41 in chips) 
Seat 2: SneakySoup ($2.06 in chips) 
Seat 3: xzzenjoy123 ($5.31 in chips) 
Seat 5: Dorex2007 ($2 in chips) 
Seat 6: ANetoGC ($1.79 in chips) 
Seat 7: LedeniCar ($1.56 in chips) 
Seat 8: edivaldo637 ($1.91 in chips) 
Seat 9: Tobiz89 ($2.12 in chips) 
ANetoGC: posts small blind $0.01
LedeniCar: posts big blind $0.02
*** HOLE CARDS ***
Dealt to Dorex2007 [4d 5h]
edivaldo637: folds 
Tobiz89: folds 
vero2610: folds 
SneakySoup: raises $0.04 to $0.06
xzzenjoy123: folds 
Dorex2007: folds 
ANetoGC: calls $0.05
LedeniCar: folds 
*** FLOP *** [Ks 8s 5d]
ANetoGC: checks 
alfreud777 leaves the table
SneakySoup: bets $0.07
ANetoGC: folds 
Uncalled bet ($0.07) returned to SneakySoup
SneakySoup collected $0.14 from pot
*** SUMMARY ***
Total pot $0.14 | Rake $0 
Board [Ks 8s 5d]
Seat 1: vero2610 folded before Flop (didn't bet)
Seat 2: SneakySoup collected ($0.14)
Seat 3: xzzenjoy123 folded before Flop (didn't bet)
Seat 5: Dorex2007 (button) folded before Flop (didn't bet)
Seat 6: ANetoGC (small blind) folded on the Flop
Seat 7: LedeniCar (big blind) folded before Flop
Seat 8: edivaldo637 folded before Flop (didn't bet)
Seat 9: Tobiz89 folded before Flop (didn't bet)



PokerStars Hand #237032459907:  Hold'em No Limit ($0.01/$0.02 USD) - 2022/06/27 20:59:51 PT [2022/06/27 23:59:51 ET]
Table 'Larissa' 9-max Seat #6 is the button
Seat 1: vero2610 ($1.41 in chips) 
Seat 2: SneakySoup ($2.14 in chips) 
Seat 3: xzzenjoy123 ($5.31 in chips) 
Seat 5: Dorex2007 ($2 in chips) 
Seat 6: ANetoGC ($1.73 in chips) 
Seat 7: LedeniCar ($1.54 in chips) 
Seat 8: edivaldo637 ($1.91 in chips) 
Seat 9: Tobiz89 ($2.12 in chips) 
LedeniCar: posts small blind $0.01
edivaldo637: posts big blind $0.02
*** HOLE CARDS ***
Dealt to Dorex2007 [8d 4h]
Tobiz89: folds 
vero2610: raises $0.06 to $0.08
SneakySoup: folds 
xzzenjoy123: folds 
Dorex2007: folds 
ANetoGC: calls $0.08
LedeniCar: folds 
edivaldo637: calls $0.06
*** FLOP *** [4c Tc 8h]
edivaldo637: checks 
vero2610: checks 
ANetoGC: checks 
*** TURN *** [4c Tc 8h] [Js]
Stefan111161 joins the table at seat #4 
edivaldo637: checks 
vero2610: checks 
ANetoGC: checks 
*** RIVER *** [4c Tc 8h Js] [8c]
edivaldo637: checks 
vero2610: checks 
ANetoGC: checks 
*** SHOW DOWN ***
edivaldo637: shows [As 6d] (a pair of Eights)
vero2610: shows [Ah Qh] (a pair of Eights - Ace+Queen kicker)
ANetoGC: mucks hand 
vero2610 collected $0.24 from pot
*** SUMMARY ***
Total pot $0.25 | Rake $0.01 
Board [4c Tc 8h Js 8c]
Seat 1: vero2610 showed [Ah Qh] and won ($0.24) with a pair of Eights
Seat 2: SneakySoup folded before Flop (didn't bet)
Seat 3: xzzenjoy123 folded before Flop (didn't bet)
Seat 5: Dorex2007 folded before Flop (didn't bet)
Seat 6: ANetoGC (button) mucked [9h Kd]
Seat 7: LedeniCar (small blind) folded before Flop
Seat 8: edivaldo637 (big blind) showed [As 6d] and lost with a pair of Eights
Seat 9: Tobiz89 folded before Flop (didn't bet)



