PokerStars Hand #238590192672:  Hold'em No Limit ($0.02/$0.05 USD) - 2022/09/12 15:22:11 PT [2022/09/12 18:22:11 ET]
Table 'Peraga II' 9-max Seat #7 is the button
Seat 2: vietalva ($5.35 in chips) 
Seat 3: Zzzanderman ($7.47 in chips) 
Seat 4: Dorex2007 ($5 in chips) 
Seat 5: Glayson035 ($0.94 in chips) 
Seat 6: dessa78 ($5.23 in chips) 
Seat 7: Almanza63 ($4.93 in chips) 
Seat 8: DioRochi ($5.53 in chips) 
Seat 9: Lionel.M.R.- ($6.40 in chips) 
DioRochi: posts small blind $0.02
Lionel.M.R.-: posts big blind $0.05
loic6000: sits out 
Dorex2007: posts big blind $0.05
*** HOLE CARDS ***
Dealt to Dorex2007 [Kh Kd]
vietalva: folds 
Zzzanderman: folds 
Dorex2007: raises $0.10 to $0.15
Glayson035: folds 
dessa78: folds 
Almanza63: folds 
DioRochi: folds 
Lionel.M.R.-: folds 
Uncalled bet ($0.10) returned to Dorex2007
Dorex2007 collected $0.12 from pot
Dorex2007: doesn't show hand 
*** SUMMARY ***
Total pot $0.12 | Rake $0 
Seat 2: vietalva folded before Flop (didn't bet)
Seat 3: Zzzanderman folded before Flop (didn't bet)
Seat 4: Dorex2007 collected ($0.12)
Seat 5: Glayson035 folded before Flop (didn't bet)
Seat 6: dessa78 folded before Flop (didn't bet)
Seat 7: Almanza63 (button) folded before Flop (didn't bet)
Seat 8: DioRochi (small blind) folded before Flop
Seat 9: Lionel.M.R.- (big blind) folded before Flop



PokerStars Hand #238590201501:  Hold'em No Limit ($0.02/$0.05 USD) - 2022/09/12 15:22:37 PT [2022/09/12 18:22:37 ET]
Table 'Peraga II' 9-max Seat #8 is the button
Seat 1: loic6000 ($2 in chips) 
Seat 2: vietalva ($5.35 in chips) 
Seat 3: Zzzanderman ($7.47 in chips) 
Seat 4: Dorex2007 ($5.07 in chips) 
Seat 5: Glayson035 ($0.94 in chips) 
Seat 6: dessa78 ($5.23 in chips) 
Seat 7: Almanza63 ($4.93 in chips) 
Seat 8: DioRochi ($5.51 in chips) 
Seat 9: Lionel.M.R.- ($6.35 in chips) 
Lionel.M.R.-: posts small blind $0.02
loic6000: posts big blind $0.05
*** HOLE CARDS ***
Dealt to Dorex2007 [Jh 6c]
vietalva: folds 
Zzzanderman: folds 
Dorex2007: folds 
Glayson035: folds 
dessa78: folds 
Almanza63: folds 
DioRochi: folds 
Lionel.M.R.-: calls $0.03
loic6000 has timed out
loic6000: checks 
*** FLOP *** [8d 9c Qh]
Lionel.M.R.-: bets $0.05
loic6000: folds 
Uncalled bet ($0.05) returned to Lionel.M.R.-
Lionel.M.R.- collected $0.10 from pot
*** SUMMARY ***
Total pot $0.10 | Rake $0 
Board [8d 9c Qh]
Seat 1: loic6000 (big blind) folded on the Flop
Seat 2: vietalva folded before Flop (didn't bet)
Seat 3: Zzzanderman folded before Flop (didn't bet)
Seat 4: Dorex2007 folded before Flop (didn't bet)
Seat 5: Glayson035 folded before Flop (didn't bet)
Seat 6: dessa78 folded before Flop (didn't bet)
Seat 7: Almanza63 folded before Flop (didn't bet)
Seat 8: DioRochi (button) folded before Flop (didn't bet)
Seat 9: Lionel.M.R.- (small blind) collected ($0.10)



PokerStars Hand #238590230743:  Hold'em No Limit ($0.02/$0.05 USD) - 2022/09/12 15:24:01 PT [2022/09/12 18:24:01 ET]
Table 'Peraga II' 9-max Seat #1 is the button
Seat 1: loic6000 ($1.95 in chips) 
Seat 2: vietalva ($5.35 in chips) 
Seat 3: Zzzanderman ($7.47 in chips) 
Seat 4: Dorex2007 ($5.07 in chips) 
Seat 5: Glayson035 ($0.94 in chips) 
Seat 6: dessa78 ($5.23 in chips) 
Seat 7: Almanza63 ($4.93 in chips) 
Seat 8: DioRochi ($5.51 in chips) 
vietalva: posts small blind $0.02
Zzzanderman: posts big blind $0.05
*** HOLE CARDS ***
Dealt to Dorex2007 [3h 5d]
Dorex2007: folds 
Glayson035: folds 
dessa78: folds 
Almanza63: folds 
DioRochi: folds 
loic6000: folds 
vietalva: folds 
Uncalled bet ($0.03) returned to Zzzanderman
Zzzanderman collected $0.04 from pot
Zzzanderman: doesn't show hand 
*** SUMMARY ***
Total pot $0.04 | Rake $0 
Seat 1: loic6000 (button) folded before Flop (didn't bet)
Seat 2: vietalva (small blind) folded before Flop
Seat 3: Zzzanderman (big blind) collected ($0.04)
Seat 4: Dorex2007 folded before Flop (didn't bet)
Seat 5: Glayson035 folded before Flop (didn't bet)
Seat 6: dessa78 folded before Flop (didn't bet)
Seat 7: Almanza63 folded before Flop (didn't bet)
Seat 8: DioRochi folded before Flop (didn't bet)



PokerStars Hand #238590239672:  Hold'em No Limit ($0.02/$0.05 USD) - 2022/09/12 15:24:27 PT [2022/09/12 18:24:27 ET]
Table 'Peraga II' 9-max Seat #2 is the button
Seat 1: loic6000 ($1.95 in chips) 
Seat 2: vietalva ($5.33 in chips) 
Seat 3: Zzzanderman ($7.49 in chips) 
Seat 4: Dorex2007 ($5.07 in chips) 
Seat 5: Glayson035 ($0.94 in chips) 
Seat 6: dessa78 ($5.23 in chips) 
Seat 7: Almanza63 ($4.93 in chips) 
Seat 8: DioRochi ($5.51 in chips) 
Zzzanderman: posts small blind $0.02
Dorex2007: posts big blind $0.05
*** HOLE CARDS ***
Dealt to Dorex2007 [Qh 4h]
Glayson035: folds 
dessa78: folds 
Almanza63: raises $0.10 to $0.15
DioRochi: folds 
loic6000: folds 
vietalva: folds 
Zzzanderman: folds 
Dorex2007: folds 
Uncalled bet ($0.10) returned to Almanza63
Almanza63 collected $0.12 from pot
Almanza63: doesn't show hand 
*** SUMMARY ***
Total pot $0.12 | Rake $0 
Seat 1: loic6000 folded before Flop (didn't bet)
Seat 2: vietalva (button) folded before Flop (didn't bet)
Seat 3: Zzzanderman (small blind) folded before Flop
Seat 4: Dorex2007 (big blind) folded before Flop
Seat 5: Glayson035 folded before Flop (didn't bet)
Seat 6: dessa78 folded before Flop (didn't bet)
Seat 7: Almanza63 collected ($0.12)
Seat 8: DioRochi folded before Flop (didn't bet)



PokerStars Hand #238590248918:  Hold'em No Limit ($0.02/$0.05 USD) - 2022/09/12 15:24:54 PT [2022/09/12 18:24:54 ET]
Table 'Peraga II' 9-max Seat #3 is the button
Seat 1: loic6000 ($1.95 in chips) 
Seat 2: vietalva ($5.33 in chips) 
Seat 3: Zzzanderman ($7.47 in chips) 
Seat 4: Dorex2007 ($5.02 in chips) 
Seat 5: Glayson035 ($0.94 in chips) 
Seat 6: dessa78 ($5.23 in chips) 
Seat 7: Almanza63 ($5 in chips) 
Seat 8: DioRochi ($5.51 in chips) 
Seat 9: Lionel.M.R.- ($6.40 in chips) 
Dorex2007: posts small blind $0.02
Glayson035: posts big blind $0.05
*** HOLE CARDS ***
Dealt to Dorex2007 [Js 3s]
dessa78: raises $0.10 to $0.15
Almanza63: folds 
DioRochi: calls $0.15
Lionel.M.R.-: folds 
loic6000: folds 
vietalva: folds 
Zzzanderman: folds 
Dorex2007: folds 
Glayson035: calls $0.10
*** FLOP *** [2s 8c 4c]
Glayson035: bets $0.79 and is all-in
dessa78: folds 
DioRochi: folds 
Uncalled bet ($0.79) returned to Glayson035
Glayson035 collected $0.45 from pot
Glayson035: doesn't show hand 
*** SUMMARY ***
Total pot $0.47 | Rake $0.02 
Board [2s 8c 4c]
Seat 1: loic6000 folded before Flop (didn't bet)
Seat 2: vietalva folded before Flop (didn't bet)
Seat 3: Zzzanderman (button) folded before Flop (didn't bet)
Seat 4: Dorex2007 (small blind) folded before Flop
Seat 5: Glayson035 (big blind) collected ($0.45)
Seat 6: dessa78 folded on the Flop
Seat 7: Almanza63 folded before Flop (didn't bet)
Seat 8: DioRochi folded on the Flop
Seat 9: Lionel.M.R.- folded before Flop (didn't bet)



PokerStars Hand #238590268631:  Hold'em No Limit ($0.02/$0.05 USD) - 2022/09/12 15:25:52 PT [2022/09/12 18:25:52 ET]
Table 'Peraga II' 9-max Seat #4 is the button
Seat 1: loic6000 ($1.95 in chips) 
Seat 2: vietalva ($5.33 in chips) 
Seat 3: Zzzanderman ($7.47 in chips) 
Seat 4: Dorex2007 ($5 in chips) 
Seat 5: Glayson035 ($1.24 in chips) 
Seat 6: dessa78 ($5.08 in chips) 
Seat 7: Almanza63 ($5 in chips) 
Seat 8: DioRochi ($5.36 in chips) 
Seat 9: Lionel.M.R.- ($6.40 in chips) 
Glayson035: posts small blind $0.02
dessa78: posts big blind $0.05
*** HOLE CARDS ***
Dealt to Dorex2007 [9d 3c]
Almanza63: folds 
DioRochi: raises $0.10 to $0.15
Lionel.M.R.-: folds 
loic6000: folds 
vietalva: folds 
Zzzanderman: raises $7.32 to $7.47 and is all-in
Dorex2007: folds 
Glayson035: folds 
dessa78: folds 
DioRochi: folds 
Uncalled bet ($7.32) returned to Zzzanderman
Zzzanderman collected $0.37 from pot
Zzzanderman: doesn't show hand 
*** SUMMARY ***
Total pot $0.37 | Rake $0 
Seat 1: loic6000 folded before Flop (didn't bet)
Seat 2: vietalva folded before Flop (didn't bet)
Seat 3: Zzzanderman collected ($0.37)
Seat 4: Dorex2007 (button) folded before Flop (didn't bet)
Seat 5: Glayson035 (small blind) folded before Flop
Seat 6: dessa78 (big blind) folded before Flop
Seat 7: Almanza63 folded before Flop (didn't bet)
Seat 8: DioRochi folded before Flop
Seat 9: Lionel.M.R.- folded before Flop (didn't bet)



PokerStars Hand #238590279090:  Hold'em No Limit ($0.02/$0.05 USD) - 2022/09/12 15:26:22 PT [2022/09/12 18:26:22 ET]
Table 'Peraga II' 9-max Seat #5 is the button
Seat 1: loic6000 ($1.95 in chips) 
Seat 2: vietalva ($5.33 in chips) 
Seat 3: Zzzanderman ($7.69 in chips) 
Seat 4: Dorex2007 ($5 in chips) 
Seat 5: Glayson035 ($1.22 in chips) 
Seat 6: dessa78 ($5.03 in chips) 
Seat 7: Almanza63 ($5 in chips) 
Seat 8: DioRochi ($5.21 in chips) 
Seat 9: Lionel.M.R.- ($6.40 in chips) 
dessa78: posts small blind $0.02
Almanza63: posts big blind $0.05
*** HOLE CARDS ***
Dealt to Dorex2007 [Js 3s]
DioRochi: folds 
Lionel.M.R.-: raises $0.10 to $0.15
loic6000: folds 
vietalva: folds 
Zzzanderman: folds 
Dorex2007: folds 
Glayson035: calls $0.15
dessa78: folds 
Almanza63: folds 
*** FLOP *** [Th 5d 9c]
Lionel.M.R.-: checks 
Glayson035: checks 
*** TURN *** [Th 5d 9c] [4s]
Lionel.M.R.-: bets $0.35
Glayson035: calls $0.35
*** RIVER *** [Th 5d 9c 4s] [Tc]
Lionel.M.R.-: bets $0.60
Glayson035: calls $0.60
*** SHOW DOWN ***
Lionel.M.R.-: shows [Qh Ts] (three of a kind, Tens)
Glayson035: mucks hand 
Lionel.M.R.- collected $2.18 from pot
*** SUMMARY ***
Total pot $2.27 | Rake $0.09 
Board [Th 5d 9c 4s Tc]
Seat 1: loic6000 folded before Flop (didn't bet)
Seat 2: vietalva folded before Flop (didn't bet)
Seat 3: Zzzanderman folded before Flop (didn't bet)
Seat 4: Dorex2007 folded before Flop (didn't bet)
Seat 5: Glayson035 (button) mucked [4c Ac]
Seat 6: dessa78 (small blind) folded before Flop
Seat 7: Almanza63 (big blind) folded before Flop
Seat 8: DioRochi folded before Flop (didn't bet)
Seat 9: Lionel.M.R.- showed [Qh Ts] and won ($2.18) with three of a kind, Tens



PokerStars Hand #238590299820:  Hold'em No Limit ($0.02/$0.05 USD) - 2022/09/12 15:27:24 PT [2022/09/12 18:27:24 ET]
Table 'Peraga II' 9-max Seat #6 is the button
Seat 1: loic6000 ($1.95 in chips) 
Seat 2: vietalva ($5.33 in chips) 
Seat 3: Zzzanderman ($7.69 in chips) 
Seat 4: Dorex2007 ($5 in chips) 
Seat 5: Glayson035 ($0.12 in chips) 
Seat 6: dessa78 ($5.01 in chips) 
Seat 7: Almanza63 ($4.95 in chips) 
Seat 8: DioRochi ($5.21 in chips) 
Seat 9: Lionel.M.R.- ($7.48 in chips) 
Almanza63: posts small blind $0.02
DioRochi: posts big blind $0.05
*** HOLE CARDS ***
Dealt to Dorex2007 [7s 9h]
Lionel.M.R.-: folds 
loic6000: folds 
vietalva: folds 
Zzzanderman: folds 
Dorex2007: folds 
Glayson035: raises $0.07 to $0.12 and is all-in
dessa78: calls $0.12
Almanza63: folds 
DioRochi: folds 
dessa78 has timed out
*** FLOP *** [Th 6d Kh]
*** TURN *** [Th 6d Kh] [Kd]
*** RIVER *** [Th 6d Kh Kd] [8d]
*** SHOW DOWN ***
Glayson035: shows [5c 8c] (two pair, Kings and Eights)
dessa78: shows [Ts Js] (two pair, Kings and Tens)
dessa78 collected $0.30 from pot
*** SUMMARY ***
Total pot $0.31 | Rake $0.01 
Board [Th 6d Kh Kd 8d]
Seat 1: loic6000 folded before Flop (didn't bet)
Seat 2: vietalva folded before Flop (didn't bet)
Seat 3: Zzzanderman folded before Flop (didn't bet)
Seat 4: Dorex2007 folded before Flop (didn't bet)
Seat 5: Glayson035 showed [5c 8c] and lost with two pair, Kings and Eights
Seat 6: dessa78 (button) showed [Ts Js] and won ($0.30) with two pair, Kings and Tens
Seat 7: Almanza63 (small blind) folded before Flop
Seat 8: DioRochi (big blind) folded before Flop
Seat 9: Lionel.M.R.- folded before Flop (didn't bet)



PokerStars Hand #238590316906:  Hold'em No Limit ($0.02/$0.05 USD) - 2022/09/12 15:28:14 PT [2022/09/12 18:28:14 ET]
Table 'Peraga II' 9-max Seat #7 is the button
Seat 1: loic6000 ($1.95 in chips) 
Seat 2: vietalva ($5.33 in chips) 
Seat 3: Zzzanderman ($7.69 in chips) 
Seat 4: Dorex2007 ($5 in chips) 
Seat 6: dessa78 ($5.19 in chips) 
Seat 7: Almanza63 ($4.93 in chips) 
Seat 8: DioRochi ($5.16 in chips) 
Seat 9: Lionel.M.R.- ($7.48 in chips) 
DioRochi: posts small blind $0.02
Lionel.M.R.-: posts big blind $0.05
*** HOLE CARDS ***
Dealt to Dorex2007 [6h 5c]
loic6000: calls $0.05
vietalva: folds 
Zzzanderman: folds 
Dorex2007: folds 
dessa78: folds 
Almanza63: folds 
DioRochi: folds 
Lionel.M.R.-: raises $0.10 to $0.15
loic6000: calls $0.10
*** FLOP *** [Tc 8h Kc]
Lionel.M.R.-: bets $0.05
loic6000: raises $0.05 to $0.10
Lionel.M.R.-: calls $0.05
*** TURN *** [Tc 8h Kc] [6c]
Lionel.M.R.-: checks 
loic6000: bets $0.20
Lionel.M.R.-: folds 
Uncalled bet ($0.20) returned to loic6000
loic6000 collected $0.50 from pot
loic6000: doesn't show hand 
*** SUMMARY ***
Total pot $0.52 | Rake $0.02 
Board [Tc 8h Kc 6c]
Seat 1: loic6000 collected ($0.50)
Seat 2: vietalva folded before Flop (didn't bet)
Seat 3: Zzzanderman folded before Flop (didn't bet)
Seat 4: Dorex2007 folded before Flop (didn't bet)
Seat 6: dessa78 folded before Flop (didn't bet)
Seat 7: Almanza63 (button) folded before Flop (didn't bet)
Seat 8: DioRochi (small blind) folded before Flop
Seat 9: Lionel.M.R.- (big blind) folded on the Turn



PokerStars Hand #238590331508:  Hold'em No Limit ($0.02/$0.05 USD) - 2022/09/12 15:28:58 PT [2022/09/12 18:28:58 ET]
Table 'Peraga II' 9-max Seat #8 is the button
Seat 1: loic6000 ($2.20 in chips) 
Seat 2: vietalva ($5.33 in chips) 
Seat 3: Zzzanderman ($7.69 in chips) 
Seat 4: Dorex2007 ($5 in chips) 
Seat 6: dessa78 ($5.19 in chips) 
Seat 7: Almanza63 ($4.93 in chips) 
Seat 8: DioRochi ($5.14 in chips) 
Seat 9: Lionel.M.R.- ($7.23 in chips) 
Lionel.M.R.-: posts small blind $0.02
loic6000: posts big blind $0.05
*** HOLE CARDS ***
Dealt to Dorex2007 [5h 9c]
vietalva: folds 
Zzzanderman: folds 
Dorex2007: folds 
dessa78: raises $0.05 to $0.10
Almanza63: raises $0.05 to $0.15
DioRochi: folds 
Lionel.M.R.-: calls $0.13
loic6000: folds 
dessa78: calls $0.05
*** FLOP *** [6d 7d 9d]
Lionel.M.R.-: checks 
dessa78: checks 
Almanza63: bets $0.24
Lionel.M.R.-: folds 
dessa78: folds 
Uncalled bet ($0.24) returned to Almanza63
Almanza63 collected $0.48 from pot
Almanza63: doesn't show hand 
*** SUMMARY ***
Total pot $0.50 | Rake $0.02 
Board [6d 7d 9d]
Seat 1: loic6000 (big blind) folded before Flop
Seat 2: vietalva folded before Flop (didn't bet)
Seat 3: Zzzanderman folded before Flop (didn't bet)
Seat 4: Dorex2007 folded before Flop (didn't bet)
Seat 6: dessa78 folded on the Flop
Seat 7: Almanza63 collected ($0.48)
Seat 8: DioRochi (button) folded before Flop (didn't bet)
Seat 9: Lionel.M.R.- (small blind) folded on the Flop



PokerStars Hand #238590362505:  Hold'em No Limit ($0.02/$0.05 USD) - 2022/09/12 15:30:30 PT [2022/09/12 18:30:30 ET]
Table 'Peraga II' 9-max Seat #9 is the button
Seat 1: loic6000 ($2.15 in chips) 
Seat 2: vietalva ($5.33 in chips) 
Seat 3: Zzzanderman ($7.69 in chips) 
Seat 4: Dorex2007 ($5 in chips) 
Seat 6: dessa78 ($5.04 in chips) 
Seat 7: Almanza63 ($5.26 in chips) 
Seat 8: DioRochi ($5.14 in chips) 
Seat 9: Lionel.M.R.- ($7.08 in chips) 
loic6000: posts small blind $0.02
vietalva: posts big blind $0.05
*** HOLE CARDS ***
Dealt to Dorex2007 [6h Js]
Zzzanderman: folds 
Dorex2007: folds 
dessa78: folds 
Almanza63: folds 
DioRochi: raises $0.10 to $0.15
Lionel.M.R.-: calls $0.15
loic6000: calls $0.13
vietalva: folds 
*** FLOP *** [Qd As 7d]
loic6000: checks 
DioRochi: checks 
Lionel.M.R.-: bets $0.15
loic6000: calls $0.15
DioRochi: raises $0.47 to $0.62
Lionel.M.R.-: folds 
loic6000: raises $1.38 to $2 and is all-in
DioRochi: calls $1.38
*** TURN *** [Qd As 7d] [8h]
*** RIVER *** [Qd As 7d 8h] [4d]
*** SHOW DOWN ***
loic6000: shows [Qs Ad] (two pair, Aces and Queens)
DioRochi: shows [7s Qh] (two pair, Queens and Sevens)
loic6000 collected $4.46 from pot
DioRochi cashed out the hand for $0.36
*** SUMMARY ***
Total pot $4.65 | Rake $0.19 
Board [Qd As 7d 8h 4d]
Seat 1: loic6000 (small blind) showed [Qs Ad] and won ($4.46) with two pair, Aces and Queens
Seat 2: vietalva (big blind) folded before Flop
Seat 3: Zzzanderman folded before Flop (didn't bet)
Seat 4: Dorex2007 folded before Flop (didn't bet)
Seat 6: dessa78 folded before Flop (didn't bet)
Seat 7: Almanza63 folded before Flop (didn't bet)
Seat 8: DioRochi showed [7s Qh] and lost with two pair, Queens and Sevens (cashed out).
Seat 9: Lionel.M.R.- (button) folded on the Flop



PokerStars Hand #238590391623:  Hold'em No Limit ($0.02/$0.05 USD) - 2022/09/12 15:31:55 PT [2022/09/12 18:31:55 ET]
Table 'Peraga II' 9-max Seat #1 is the button
Seat 1: loic6000 ($4.46 in chips) 
Seat 2: vietalva ($5.28 in chips) 
Seat 3: Zzzanderman ($7.69 in chips) 
Seat 4: Dorex2007 ($5 in chips) 
Seat 6: dessa78 ($5.04 in chips) 
Seat 7: Almanza63 ($5.26 in chips) 
Seat 8: DioRochi ($3.35 in chips) 
Seat 9: Lionel.M.R.- ($6.78 in chips) 
vietalva: posts small blind $0.02
Zzzanderman: posts big blind $0.05
*** HOLE CARDS ***
Dealt to Dorex2007 [5d As]
Dorex2007: folds 
dessa78: folds 
Almanza63: folds 
DioRochi: folds 
Lionel.M.R.- has timed out
Lionel.M.R.-: folds 
loic6000: folds 
vietalva: raises $0.15 to $0.20
Zzzanderman: folds 
Uncalled bet ($0.15) returned to vietalva
vietalva collected $0.10 from pot
vietalva: doesn't show hand 
*** SUMMARY ***
Total pot $0.10 | Rake $0 
Seat 1: loic6000 (button) folded before Flop (didn't bet)
Seat 2: vietalva (small blind) collected ($0.10)
Seat 3: Zzzanderman (big blind) folded before Flop
Seat 4: Dorex2007 folded before Flop (didn't bet)
Seat 6: dessa78 folded before Flop (didn't bet)
Seat 7: Almanza63 folded before Flop (didn't bet)
Seat 8: DioRochi folded before Flop (didn't bet)
Seat 9: Lionel.M.R.- folded before Flop (didn't bet)



PokerStars Hand #238590404826:  Hold'em No Limit ($0.02/$0.05 USD) - 2022/09/12 15:32:34 PT [2022/09/12 18:32:34 ET]
Table 'Peraga II' 9-max Seat #2 is the button
Seat 1: loic6000 ($4.46 in chips) 
Seat 2: vietalva ($5.33 in chips) 
Seat 3: Zzzanderman ($7.64 in chips) 
Seat 4: Dorex2007 ($5 in chips) 
Seat 6: dessa78 ($5.04 in chips) 
Seat 7: Almanza63 ($5.26 in chips) 
Seat 8: DioRochi ($3.35 in chips) 
Seat 9: Lionel.M.R.- ($6.78 in chips) 
Zzzanderman: posts small blind $0.02
Dorex2007: posts big blind $0.05
*** HOLE CARDS ***
Dealt to Dorex2007 [Qc Ah]
dessa78: folds 
Almanza63: folds 
DioRochi: raises $0.10 to $0.15
Lionel.M.R.-: folds 
loic6000: folds 
vietalva: folds 
Zzzanderman: folds 
Dorex2007: calls $0.10
*** FLOP *** [6d 4h 7h]
Dorex2007: checks 
DioRochi: checks 
*** TURN *** [6d 4h 7h] [Ad]
Dorex2007: checks 
loic6000 leaves the table
DioRochi: checks 
*** RIVER *** [6d 4h 7h Ad] [3h]
Dorex2007: bets $0.15
DioRochi: folds 
Uncalled bet ($0.15) returned to Dorex2007
Dorex2007 collected $0.31 from pot
Dorex2007: doesn't show hand 
*** SUMMARY ***
Total pot $0.32 | Rake $0.01 
Board [6d 4h 7h Ad 3h]
Seat 1: loic6000 folded before Flop (didn't bet)
Seat 2: vietalva (button) folded before Flop (didn't bet)
Seat 3: Zzzanderman (small blind) folded before Flop
Seat 4: Dorex2007 (big blind) collected ($0.31)
Seat 6: dessa78 folded before Flop (didn't bet)
Seat 7: Almanza63 folded before Flop (didn't bet)
Seat 8: DioRochi folded on the River
Seat 9: Lionel.M.R.- folded before Flop (didn't bet)



PokerStars Hand #238590419087:  Hold'em No Limit ($0.02/$0.05 USD) - 2022/09/12 15:33:16 PT [2022/09/12 18:33:16 ET]
Table 'Peraga II' 9-max Seat #3 is the button
Seat 2: vietalva ($5.33 in chips) 
Seat 3: Zzzanderman ($7.62 in chips) 
Seat 4: Dorex2007 ($5.16 in chips) 
Seat 6: dessa78 ($5.04 in chips) 
Seat 7: Almanza63 ($5.26 in chips) 
Seat 8: DioRochi ($3.20 in chips) 
Seat 9: Lionel.M.R.- ($6.78 in chips) 
Dorex2007: posts small blind $0.02
dessa78: posts big blind $0.05
*** HOLE CARDS ***
Dealt to Dorex2007 [7d Ac]
Almanza63: folds 
DioRochi: folds 
Lionel.M.R.-: calls $0.05
vietalva: folds 
Zzzanderman: folds 
Dorex2007: folds 
dessa78: checks 
*** FLOP *** [6d 7s 9s]
dessa78: checks 
Lionel.M.R.-: checks 
*** TURN *** [6d 7s 9s] [8c]
dessa78: bets $0.09
Lionel.M.R.-: folds 
Uncalled bet ($0.09) returned to dessa78
dessa78 collected $0.12 from pot
*** SUMMARY ***
Total pot $0.12 | Rake $0 
Board [6d 7s 9s 8c]
Seat 2: vietalva folded before Flop (didn't bet)
Seat 3: Zzzanderman (button) folded before Flop (didn't bet)
Seat 4: Dorex2007 (small blind) folded before Flop
Seat 6: dessa78 (big blind) collected ($0.12)
Seat 7: Almanza63 folded before Flop (didn't bet)
Seat 8: DioRochi folded before Flop (didn't bet)
Seat 9: Lionel.M.R.- folded on the Turn



PokerStars Hand #238590433395:  Hold'em No Limit ($0.02/$0.05 USD) - 2022/09/12 15:33:59 PT [2022/09/12 18:33:59 ET]
Table 'Peraga II' 9-max Seat #4 is the button
Seat 2: vietalva ($5.33 in chips) 
Seat 3: Zzzanderman ($7.62 in chips) 
Seat 4: Dorex2007 ($5.14 in chips) 
Seat 6: dessa78 ($5.11 in chips) 
Seat 7: Almanza63 ($5.26 in chips) 
Seat 8: DioRochi ($3.20 in chips) 
dessa78: posts small blind $0.02
Almanza63: posts big blind $0.05
*** HOLE CARDS ***
Dealt to Dorex2007 [8s Qc]
Lionel.M.R.- leaves the table
DioRochi: raises $0.10 to $0.15
vietalva: folds 
Zzzanderman: folds 
Dorex2007: folds 
dessa78: folds 
Almanza63: calls $0.10
*** FLOP *** [4s 3c Qh]
Almanza63: checks 
DioRochi: bets $0.15
Almanza63: folds 
Uncalled bet ($0.15) returned to DioRochi
DioRochi collected $0.31 from pot
*** SUMMARY ***
Total pot $0.32 | Rake $0.01 
Board [4s 3c Qh]
Seat 2: vietalva folded before Flop (didn't bet)
Seat 3: Zzzanderman folded before Flop (didn't bet)
Seat 4: Dorex2007 (button) folded before Flop (didn't bet)
Seat 6: dessa78 (small blind) folded before Flop
Seat 7: Almanza63 (big blind) folded on the Flop
Seat 8: DioRochi collected ($0.31)



PokerStars Hand #238590451176:  Hold'em No Limit ($0.02/$0.05 USD) - 2022/09/12 15:34:51 PT [2022/09/12 18:34:51 ET]
Table 'Peraga II' 9-max Seat #6 is the button
Seat 2: vietalva ($5.33 in chips) 
Seat 3: Zzzanderman ($7.62 in chips) 
Seat 4: Dorex2007 ($5.14 in chips) 
Seat 5: Glayson035 ($2 in chips) 
Seat 6: dessa78 ($5.09 in chips) 
Seat 7: Almanza63 ($5.11 in chips) 
Seat 8: DioRochi ($3.36 in chips) 
Almanza63: posts small blind $0.02
DioRochi: posts big blind $0.05
Glayson035: posts small & big blinds $0.07
*** HOLE CARDS ***
Dealt to Dorex2007 [2s Tc]
vietalva: folds 
Zzzanderman has timed out
Zzzanderman: folds 
Dorex2007: folds 
Glayson035: checks 
dessa78: folds 
Almanza63: calls $0.03
DioRochi: checks 
*** FLOP *** [7s 5h 3d]
Almanza63: checks 
DioRochi: bets $0.08
Glayson035: calls $0.08
Almanza63: folds 
*** TURN *** [7s 5h 3d] [2h]
DioRochi: bets $0.32
Glayson035: calls $0.32
*** RIVER *** [7s 5h 3d 2h] [Qc]
DioRochi: checks 
Glayson035: checks 
*** SHOW DOWN ***
DioRochi: shows [7c 9h] (a pair of Sevens)
Glayson035: mucks hand 
DioRochi collected $0.93 from pot
*** SUMMARY ***
Total pot $0.97 | Rake $0.04 
Board [7s 5h 3d 2h Qc]
Seat 2: vietalva folded before Flop (didn't bet)
Seat 3: Zzzanderman folded before Flop (didn't bet)
Seat 4: Dorex2007 folded before Flop (didn't bet)
Seat 5: Glayson035 mucked [5d 4c]
Seat 6: dessa78 (button) folded before Flop (didn't bet)
Seat 7: Almanza63 (small blind) folded on the Flop
Seat 8: DioRochi (big blind) showed [7c 9h] and won ($0.93) with a pair of Sevens



PokerStars Hand #238590479710:  Hold'em No Limit ($0.02/$0.05 USD) - 2022/09/12 15:36:16 PT [2022/09/12 18:36:16 ET]
Table 'Peraga II' 9-max Seat #7 is the button
Seat 3: Zzzanderman ($7.62 in chips) 
Seat 4: Dorex2007 ($5.14 in chips) 
Seat 5: Glayson035 ($1.53 in chips) 
Seat 6: dessa78 ($5.09 in chips) 
Seat 7: Almanza63 ($5.06 in chips) 
Seat 8: DioRochi ($3.84 in chips) 
DioRochi: posts small blind $0.02
vietalva: is sitting out 
Zzzanderman: posts big blind $0.05
*** HOLE CARDS ***
Dealt to Dorex2007 [3c 4d]
Dorex2007: folds 
vietalva leaves the table
Glayson035: folds 
dessa78: raises $0.10 to $0.15
Almanza63: calls $0.15
DioRochi: folds 
Zzzanderman: calls $0.10
*** FLOP *** [3s 9h Qc]
Zzzanderman: checks 
dessa78: bets $0.23
Almanza63: folds 
Almanza63 leaves the table
Zzzanderman: folds 
Uncalled bet ($0.23) returned to dessa78
dessa78 collected $0.45 from pot
*** SUMMARY ***
Total pot $0.47 | Rake $0.02 
Board [3s 9h Qc]
Seat 3: Zzzanderman (big blind) folded on the Flop
Seat 4: Dorex2007 folded before Flop (didn't bet)
Seat 5: Glayson035 folded before Flop (didn't bet)
Seat 6: dessa78 collected ($0.45)
Seat 7: Almanza63 (button) folded on the Flop
Seat 8: DioRochi (small blind) folded before Flop



PokerStars Hand #238590496897:  Hold'em No Limit ($0.02/$0.05 USD) - 2022/09/12 15:37:08 PT [2022/09/12 18:37:08 ET]
Table 'Peraga II' 9-max Seat #8 is the button
Seat 3: Zzzanderman ($7.47 in chips) 
Seat 4: Dorex2007 ($5.14 in chips) 
Seat 5: Glayson035 ($1.53 in chips) 
Seat 6: dessa78 ($5.39 in chips) 
Seat 8: DioRochi ($3.82 in chips) 
Zzzanderman: posts small blind $0.02
Dorex2007: posts big blind $0.05
*** HOLE CARDS ***
Dealt to Dorex2007 [3h 8c]
Glayson035: calls $0.05
dessa78: raises $0.05 to $0.10
DioRochi: raises $3.72 to $3.82 and is all-in
Zzzanderman: folds 
Dorex2007: folds 
Glayson035: folds 
dessa78: folds 
Uncalled bet ($3.72) returned to DioRochi
DioRochi collected $0.32 from pot
*** SUMMARY ***
Total pot $0.32 | Rake $0 
Seat 3: Zzzanderman (small blind) folded before Flop
Seat 4: Dorex2007 (big blind) folded before Flop
Seat 5: Glayson035 folded before Flop
Seat 6: dessa78 folded before Flop
Seat 8: DioRochi (button) collected ($0.32)



PokerStars Hand #238590502849:  Hold'em No Limit ($0.02/$0.05 USD) - 2022/09/12 15:37:26 PT [2022/09/12 18:37:26 ET]
Table 'Peraga II' 9-max Seat #3 is the button
Seat 3: Zzzanderman ($7.45 in chips) 
Seat 4: Dorex2007 ($5.09 in chips) 
Seat 5: Glayson035 ($1.48 in chips) 
Seat 6: dessa78 ($5.29 in chips) 
Seat 8: DioRochi ($4.04 in chips) 
Dorex2007: posts small blind $0.02
Glayson035: posts big blind $0.05
*** HOLE CARDS ***
Dealt to Dorex2007 [Kc Jh]
dessa78: folds 
dessa78 leaves the table
DioRochi: raises $0.05 to $0.10
Zzzanderman: folds 
Dorex2007: folds 
Glayson035: calls $0.05
*** FLOP *** [Ks Qh 6s]
Zzzanderman leaves the table
Glayson035: checks 
DioRochi: checks 
*** TURN *** [Ks Qh 6s] [Qs]
Glayson035: bets $0.20
DioRochi: folds 
Uncalled bet ($0.20) returned to Glayson035
Glayson035 collected $0.21 from pot
Glayson035: doesn't show hand 
*** SUMMARY ***
Total pot $0.22 | Rake $0.01 
Board [Ks Qh 6s Qs]
Seat 3: Zzzanderman (button) folded before Flop (didn't bet)
Seat 4: Dorex2007 (small blind) folded before Flop
Seat 5: Glayson035 (big blind) collected ($0.21)
Seat 6: dessa78 folded before Flop (didn't bet)
Seat 8: DioRochi folded on the Turn



