PokerStars Hand #238446814321:  Hold'em No Limit ($0.02/$0.05 USD) - 2022/09/05 21:00:35 PT [2022/09/06 0:00:35 ET]
Table 'Goffin II' 9-max Seat #3 is the button
Seat 1: lucifergaia ($5.08 in chips) 
Seat 2: NoName35387 ($11.60 in chips) 
Seat 3: rairai924 ($5.48 in chips) 
Seat 4: cocon902 ($11.46 in chips) 
Seat 5: Dorex2007 ($5 in chips) 
Seat 8: Sr ÁviIa ($3.03 in chips) 
Seat 9: WiseWolf71 ($5.08 in chips) 
cocon902: posts small blind $0.02
Dorex2007: posts big blind $0.05
MuppetsRUsInc: sits out 
*** HOLE CARDS ***
Dealt to Dorex2007 [Ts Ah]
Sr ÁviIa: folds 
WiseWolf71: folds 
lucifergaia: raises $0.12 to $0.17
NoName35387: folds 
rairai924: calls $0.17
cocon902: calls $0.15
Dorex2007: calls $0.12
*** FLOP *** [As Td Js]
cocon902: checks 
Dorex2007: bets $0.43
lucifergaia: folds 
rairai924: folds 
cocon902: folds 
Uncalled bet ($0.43) returned to Dorex2007
Dorex2007 collected $0.65 from pot
Dorex2007: doesn't show hand 
*** SUMMARY ***
Total pot $0.68 | Rake $0.03 
Board [As Td Js]
Seat 1: lucifergaia folded on the Flop
Seat 2: NoName35387 folded before Flop (didn't bet)
Seat 3: rairai924 (button) folded on the Flop
Seat 4: cocon902 (small blind) folded on the Flop
Seat 5: Dorex2007 (big blind) collected ($0.65)
Seat 8: Sr ÁviIa folded before Flop (didn't bet)
Seat 9: WiseWolf71 folded before Flop (didn't bet)



PokerStars Hand #238446819559:  Hold'em No Limit ($0.02/$0.05 USD) - 2022/09/05 21:01:19 PT [2022/09/06 0:01:19 ET]
Table 'Goffin II' 9-max Seat #4 is the button
Seat 1: lucifergaia ($5 in chips) 
Seat 2: NoName35387 ($11.60 in chips) 
Seat 3: rairai924 ($5.31 in chips) 
Seat 4: cocon902 ($11.29 in chips) 
Seat 5: Dorex2007 ($5.48 in chips) 
Seat 6: MuppetsRUsInc ($4 in chips) 
Seat 8: Sr ÁviIa ($3.03 in chips) 
Seat 9: WiseWolf71 ($5.08 in chips) 
Dorex2007: posts small blind $0.02
MuppetsRUsInc: posts big blind $0.05
*** HOLE CARDS ***
Dealt to Dorex2007 [Qh 8c]
Sr ÁviIa: folds 
WiseWolf71: folds 
lucifergaia: folds 
NoName35387: raises $0.10 to $0.15
rairai924: calls $0.15
cocon902: folds 
Dorex2007: folds 
MuppetsRUsInc: calls $0.10
*** FLOP *** [9c Jh Kc]
MuppetsRUsInc: checks 
NoName35387: checks 
rairai924: checks 
*** TURN *** [9c Jh Kc] [Kh]
MuppetsRUsInc: checks 
NoName35387: checks 
rairai924: checks 
*** RIVER *** [9c Jh Kc Kh] [5c]
MuppetsRUsInc: checks 
NoName35387: bets $0.45
rairai924: folds 
MuppetsRUsInc: calls $0.45
*** SHOW DOWN ***
NoName35387: shows [Qs Ks] (three of a kind, Kings)
MuppetsRUsInc: mucks hand 
NoName35387 collected $1.31 from pot
*** SUMMARY ***
Total pot $1.37 | Rake $0.06 
Board [9c Jh Kc Kh 5c]
Seat 1: lucifergaia folded before Flop (didn't bet)
Seat 2: NoName35387 showed [Qs Ks] and won ($1.31) with three of a kind, Kings
Seat 3: rairai924 folded on the River
Seat 4: cocon902 (button) folded before Flop (didn't bet)
Seat 5: Dorex2007 (small blind) folded before Flop
Seat 6: MuppetsRUsInc (big blind) mucked [5d 4c]
Seat 8: Sr ÁviIa folded before Flop (didn't bet)
Seat 9: WiseWolf71 folded before Flop (didn't bet)



PokerStars Hand #238446826171:  Hold'em No Limit ($0.02/$0.05 USD) - 2022/09/05 21:02:14 PT [2022/09/06 0:02:14 ET]
Table 'Goffin II' 9-max Seat #5 is the button
Seat 1: lucifergaia ($5 in chips) 
Seat 2: NoName35387 ($12.31 in chips) 
Seat 3: rairai924 ($5.16 in chips) 
Seat 4: cocon902 ($11.29 in chips) 
Seat 5: Dorex2007 ($5.46 in chips) 
Seat 6: MuppetsRUsInc ($3.40 in chips) 
Seat 8: Sr ÁviIa ($3.03 in chips) 
Seat 9: WiseWolf71 ($5.08 in chips) 
MuppetsRUsInc: posts small blind $0.02
Sr ÁviIa: posts big blind $0.05
*** HOLE CARDS ***
Dealt to Dorex2007 [Ah 9s]
WiseWolf71: calls $0.05
lucifergaia: raises $0.17 to $0.22
NoName35387: calls $0.22
rairai924: folds 
cocon902: folds 
Dorex2007: folds 
MuppetsRUsInc: folds 
Sr ÁviIa: folds 
WiseWolf71: calls $0.17
*** FLOP *** [7c 5c 2c]
WiseWolf71: checks 
lucifergaia: checks 
NoName35387: bets $0.35
WiseWolf71: folds 
lucifergaia: calls $0.35
*** TURN *** [7c 5c 2c] [Kc]
lucifergaia: checks 
NoName35387: checks 
*** RIVER *** [7c 5c 2c Kc] [Tc]
lucifergaia: bets $1.25
NoName35387: folds 
Uncalled bet ($1.25) returned to lucifergaia
lucifergaia collected $1.37 from pot
CashMonki leaves the table
lucifergaia: doesn't show hand 
*** SUMMARY ***
Total pot $1.43 | Rake $0.06 
Board [7c 5c 2c Kc Tc]
Seat 1: lucifergaia collected ($1.37)
Seat 2: NoName35387 folded on the River
Seat 3: rairai924 folded before Flop (didn't bet)
Seat 4: cocon902 folded before Flop (didn't bet)
Seat 5: Dorex2007 (button) folded before Flop (didn't bet)
Seat 6: MuppetsRUsInc (small blind) folded before Flop
Seat 8: Sr ÁviIa (big blind) folded before Flop
Seat 9: WiseWolf71 folded on the Flop



PokerStars Hand #238446834290:  Hold'em No Limit ($0.02/$0.05 USD) - 2022/09/05 21:03:20 PT [2022/09/06 0:03:20 ET]
Table 'Goffin II' 9-max Seat #6 is the button
Seat 1: lucifergaia ($5.80 in chips) 
Seat 2: NoName35387 ($11.74 in chips) 
Seat 3: rairai924 ($5.16 in chips) 
Seat 4: cocon902 ($11.29 in chips) 
Seat 5: Dorex2007 ($5.46 in chips) 
Seat 6: MuppetsRUsInc ($3.38 in chips) 
Seat 8: Sr ÁviIa ($2.98 in chips) 
Seat 9: WiseWolf71 ($4.86 in chips) 
Sr ÁviIa: posts small blind $0.02
WiseWolf71: posts big blind $0.05
*** HOLE CARDS ***
Dealt to Dorex2007 [Td 2s]
lucifergaia: raises $0.12 to $0.17
NoName35387: folds 
eclihan joins the table at seat #7 
rairai924: calls $0.17
cocon902: folds 
Dorex2007: folds 
MuppetsRUsInc: calls $0.17
Sr ÁviIa: folds 
WiseWolf71: calls $0.12
*** FLOP *** [Ts Qh 5h]
WiseWolf71: checks 
lucifergaia: checks 
rairai924: checks 
MuppetsRUsInc: checks 
*** TURN *** [Ts Qh 5h] [3d]
WiseWolf71: checks 
lucifergaia: checks 
rairai924: bets $0.25
MuppetsRUsInc: folds 
WiseWolf71: folds 
lucifergaia: folds 
Uncalled bet ($0.25) returned to rairai924
rairai924 collected $0.67 from pot
*** SUMMARY ***
Total pot $0.70 | Rake $0.03 
Board [Ts Qh 5h 3d]
Seat 1: lucifergaia folded on the Turn
Seat 2: NoName35387 folded before Flop (didn't bet)
Seat 3: rairai924 collected ($0.67)
Seat 4: cocon902 folded before Flop (didn't bet)
Seat 5: Dorex2007 folded before Flop (didn't bet)
Seat 6: MuppetsRUsInc (button) folded on the Turn
Seat 8: Sr ÁviIa (small blind) folded before Flop
Seat 9: WiseWolf71 (big blind) folded on the Turn



PokerStars Hand #238446839848:  Hold'em No Limit ($0.02/$0.05 USD) - 2022/09/05 21:04:06 PT [2022/09/06 0:04:06 ET]
Table 'Goffin II' 9-max Seat #8 is the button
Seat 1: lucifergaia ($5.63 in chips) 
Seat 2: NoName35387 ($11.74 in chips) 
Seat 3: rairai924 ($5.66 in chips) 
Seat 4: cocon902 ($11.29 in chips) 
Seat 5: Dorex2007 ($5.46 in chips) 
Seat 6: MuppetsRUsInc ($3.21 in chips) 
Seat 8: Sr ÁviIa ($2.96 in chips) 
Seat 9: WiseWolf71 ($4.69 in chips) 
WiseWolf71: posts small blind $0.02
lucifergaia: posts big blind $0.05
eclihan: sits out 
*** HOLE CARDS ***
Dealt to Dorex2007 [3d Qh]
NoName35387: raises $0.05 to $0.10
rairai924: folds 
cocon902: calls $0.10
Dorex2007: folds 
MuppetsRUsInc: folds 
Sr ÁviIa: folds 
WiseWolf71: folds 
lucifergaia: calls $0.05
*** FLOP *** [9c 9h As]
lucifergaia: checks 
NoName35387: checks 
cocon902: checks 
*** TURN *** [9c 9h As] [Ts]
lucifergaia: checks 
NoName35387: bets $0.31
cocon902: calls $0.31
lucifergaia: folds 
*** RIVER *** [9c 9h As Ts] [Tc]
NoName35387: bets $0.45
cocon902: folds 
Uncalled bet ($0.45) returned to NoName35387
NoName35387 collected $0.90 from pot
*** SUMMARY ***
Total pot $0.94 | Rake $0.04 
Board [9c 9h As Ts Tc]
Seat 1: lucifergaia (big blind) folded on the Turn
Seat 2: NoName35387 collected ($0.90)
Seat 3: rairai924 folded before Flop (didn't bet)
Seat 4: cocon902 folded on the River
Seat 5: Dorex2007 folded before Flop (didn't bet)
Seat 6: MuppetsRUsInc folded before Flop (didn't bet)
Seat 8: Sr ÁviIa (button) folded before Flop (didn't bet)
Seat 9: WiseWolf71 (small blind) folded before Flop



PokerStars Hand #238446845602:  Hold'em No Limit ($0.02/$0.05 USD) - 2022/09/05 21:04:55 PT [2022/09/06 0:04:55 ET]
Table 'Goffin II' 9-max Seat #9 is the button
Seat 1: lucifergaia ($5.53 in chips) 
Seat 2: NoName35387 ($12.23 in chips) 
Seat 3: rairai924 ($5.66 in chips) 
Seat 4: cocon902 ($10.88 in chips) 
Seat 5: Dorex2007 ($5.46 in chips) 
Seat 6: MuppetsRUsInc ($3.21 in chips) 
Seat 8: Sr ÁviIa ($2.96 in chips) 
Seat 9: WiseWolf71 ($4.67 in chips) 
lucifergaia: posts small blind $0.02
NoName35387: posts big blind $0.05
eclihan: sits out 
*** HOLE CARDS ***
Dealt to Dorex2007 [6d 4s]
rairai924: raises $0.07 to $0.12
cocon902: folds 
Dorex2007: folds 
MuppetsRUsInc: calls $0.12
Sr ÁviIa: folds 
WiseWolf71: folds 
lucifergaia: folds 
NoName35387: calls $0.07
*** FLOP *** [8h 7c 3h]
NoName35387: checks 
rairai924: bets $0.15
MuppetsRUsInc: calls $0.15
NoName35387: calls $0.15
*** TURN *** [8h 7c 3h] [5d]
NoName35387: checks 
rairai924: checks 
MuppetsRUsInc: checks 
*** RIVER *** [8h 7c 3h 5d] [4c]
NoName35387: checks 
rairai924: checks 
MuppetsRUsInc: bets $0.20
NoName35387: calls $0.20
rairai924: folds 
*** SHOW DOWN ***
MuppetsRUsInc: shows [Qc 8c] (a pair of Eights)
NoName35387: shows [8d Kd] (a pair of Eights - King kicker)
NoName35387 collected $1.18 from pot
*** SUMMARY ***
Total pot $1.23 | Rake $0.05 
Board [8h 7c 3h 5d 4c]
Seat 1: lucifergaia (small blind) folded before Flop
Seat 2: NoName35387 (big blind) showed [8d Kd] and won ($1.18) with a pair of Eights
Seat 3: rairai924 folded on the River
Seat 4: cocon902 folded before Flop (didn't bet)
Seat 5: Dorex2007 folded before Flop (didn't bet)
Seat 6: MuppetsRUsInc showed [Qc 8c] and lost with a pair of Eights
Seat 8: Sr ÁviIa folded before Flop (didn't bet)
Seat 9: WiseWolf71 (button) folded before Flop (didn't bet)



PokerStars Hand #238446852343:  Hold'em No Limit ($0.02/$0.05 USD) - 2022/09/05 21:05:51 PT [2022/09/06 0:05:51 ET]
Table 'Goffin II' 9-max Seat #1 is the button
Seat 1: lucifergaia ($5.51 in chips) 
Seat 2: NoName35387 ($12.94 in chips) 
Seat 3: rairai924 ($5.39 in chips) 
Seat 4: cocon902 ($10.88 in chips) 
Seat 5: Dorex2007 ($5.46 in chips) 
Seat 6: MuppetsRUsInc ($2.74 in chips) 
Seat 7: eclihan ($5 in chips) 
Seat 8: Sr ÁviIa ($2.96 in chips) 
Seat 9: WiseWolf71 ($4.67 in chips) 
NoName35387: posts small blind $0.02
rairai924: posts big blind $0.05
eclihan: posts big blind $0.05
*** HOLE CARDS ***
Dealt to Dorex2007 [6c Kd]
cocon902: calls $0.05
Dorex2007: folds 
MuppetsRUsInc: calls $0.05
eclihan: checks 
Sr ÁviIa: folds 
WiseWolf71: calls $0.05
lucifergaia: folds 
NoName35387: calls $0.03
rairai924: checks 
*** FLOP *** [8d 6h Kc]
NoName35387: checks 
rairai924: checks 
cocon902: bets $0.14
MuppetsRUsInc: folds 
eclihan: folds 
WiseWolf71: calls $0.14
NoName35387: folds 
rairai924: folds 
*** TURN *** [8d 6h Kc] [5h]
cocon902: bets $0.28
WiseWolf71: calls $0.28
*** RIVER *** [8d 6h Kc 5h] [2s]
cocon902: checks 
WiseWolf71: checks 
*** SHOW DOWN ***
cocon902: shows [8h Th] (a pair of Eights)
WiseWolf71: mucks hand 
cocon902 collected $1.09 from pot
*** SUMMARY ***
Total pot $1.14 | Rake $0.05 
Board [8d 6h Kc 5h 2s]
Seat 1: lucifergaia (button) folded before Flop (didn't bet)
Seat 2: NoName35387 (small blind) folded on the Flop
Seat 3: rairai924 (big blind) folded on the Flop
Seat 4: cocon902 showed [8h Th] and won ($1.09) with a pair of Eights
Seat 5: Dorex2007 folded before Flop (didn't bet)
Seat 6: MuppetsRUsInc folded on the Flop
Seat 7: eclihan folded on the Flop (didn't bet)
Seat 8: Sr ÁviIa folded before Flop (didn't bet)
Seat 9: WiseWolf71 mucked [7c Td]



PokerStars Hand #238446859585:  Hold'em No Limit ($0.02/$0.05 USD) - 2022/09/05 21:06:51 PT [2022/09/06 0:06:51 ET]
Table 'Goffin II' 9-max Seat #2 is the button
Seat 1: lucifergaia ($5.51 in chips) 
Seat 2: NoName35387 ($12.89 in chips) 
Seat 3: rairai924 ($5.34 in chips) 
Seat 4: cocon902 ($11.50 in chips) 
Seat 5: Dorex2007 ($5.46 in chips) 
Seat 6: MuppetsRUsInc ($2.69 in chips) 
Seat 7: eclihan ($5 in chips) 
Seat 8: Sr ÁviIa ($2.96 in chips) 
Seat 9: WiseWolf71 ($4.20 in chips) 
rairai924: posts small blind $0.02
cocon902: posts big blind $0.05
*** HOLE CARDS ***
Dealt to Dorex2007 [5d Th]
Dorex2007: folds 
MuppetsRUsInc: raises $0.10 to $0.15
eclihan: raises $0.31 to $0.46
Sr ÁviIa: folds 
WiseWolf71: folds 
lucifergaia: folds 
NoName35387: folds 
rairai924: folds 
cocon902: folds 
MuppetsRUsInc: calls $0.31
*** FLOP *** [6d Kh 3d]
MuppetsRUsInc: checks 
eclihan: bets $0.48
MuppetsRUsInc: calls $0.48
*** TURN *** [6d Kh 3d] [4h]
MuppetsRUsInc: checks 
eclihan: bets $1.76
MuppetsRUsInc: folds 
Uncalled bet ($1.76) returned to eclihan
eclihan collected $1.87 from pot
eclihan: doesn't show hand 
*** SUMMARY ***
Total pot $1.95 | Rake $0.08 
Board [6d Kh 3d 4h]
Seat 1: lucifergaia folded before Flop (didn't bet)
Seat 2: NoName35387 (button) folded before Flop (didn't bet)
Seat 3: rairai924 (small blind) folded before Flop
Seat 4: cocon902 (big blind) folded before Flop
Seat 5: Dorex2007 folded before Flop (didn't bet)
Seat 6: MuppetsRUsInc folded on the Turn
Seat 7: eclihan collected ($1.87)
Seat 8: Sr ÁviIa folded before Flop (didn't bet)
Seat 9: WiseWolf71 folded before Flop (didn't bet)



PokerStars Hand #238446866936:  Hold'em No Limit ($0.02/$0.05 USD) - 2022/09/05 21:07:53 PT [2022/09/06 0:07:53 ET]
Table 'Goffin II' 9-max Seat #3 is the button
Seat 1: lucifergaia ($5.51 in chips) 
Seat 2: NoName35387 ($12.89 in chips) 
Seat 3: rairai924 ($5.32 in chips) 
Seat 4: cocon902 ($11.45 in chips) 
Seat 5: Dorex2007 ($5.46 in chips) 
Seat 6: MuppetsRUsInc ($1.75 in chips) 
Seat 7: eclihan ($5.93 in chips) 
Seat 8: Sr ÁviIa ($2.96 in chips) 
Seat 9: WiseWolf71 ($4.20 in chips) 
cocon902: posts small blind $0.02
Dorex2007: posts big blind $0.05
*** HOLE CARDS ***
Dealt to Dorex2007 [As 8c]
MuppetsRUsInc: folds 
eclihan: folds 
Sr ÁviIa: folds 
WiseWolf71: folds 
lucifergaia: folds 
NoName35387: folds 
rairai924: folds 
cocon902: calls $0.03
Dorex2007: checks 
*** FLOP *** [4c 2h Js]
cocon902: checks 
Dorex2007: checks 
*** TURN *** [4c 2h Js] [5d]
cocon902: checks 
Dorex2007: checks 
*** RIVER *** [4c 2h Js 5d] [6c]
cocon902: checks 
Dorex2007: checks 
*** SHOW DOWN ***
cocon902: shows [2c Qc] (a pair of Deuces)
Dorex2007: mucks hand 
cocon902 collected $0.10 from pot
*** SUMMARY ***
Total pot $0.10 | Rake $0 
Board [4c 2h Js 5d 6c]
Seat 1: lucifergaia folded before Flop (didn't bet)
Seat 2: NoName35387 folded before Flop (didn't bet)
Seat 3: rairai924 (button) folded before Flop (didn't bet)
Seat 4: cocon902 (small blind) showed [2c Qc] and won ($0.10) with a pair of Deuces
Seat 5: Dorex2007 (big blind) mucked [As 8c]
Seat 6: MuppetsRUsInc folded before Flop (didn't bet)
Seat 7: eclihan folded before Flop (didn't bet)
Seat 8: Sr ÁviIa folded before Flop (didn't bet)
Seat 9: WiseWolf71 folded before Flop (didn't bet)



PokerStars Hand #238446871407:  Hold'em No Limit ($0.02/$0.05 USD) - 2022/09/05 21:08:30 PT [2022/09/06 0:08:30 ET]
Table 'Goffin II' 9-max Seat #4 is the button
Seat 1: lucifergaia ($5.51 in chips) 
Seat 2: NoName35387 ($12.89 in chips) 
Seat 3: rairai924 ($5.32 in chips) 
Seat 4: cocon902 ($11.50 in chips) 
Seat 5: Dorex2007 ($5.41 in chips) 
Seat 6: MuppetsRUsInc ($1.75 in chips) 
Seat 7: eclihan ($5.93 in chips) 
Seat 8: Sr ÁviIa ($2.96 in chips) 
Seat 9: WiseWolf71 ($4.20 in chips) 
Dorex2007: posts small blind $0.02
MuppetsRUsInc: posts big blind $0.05
*** HOLE CARDS ***
Dealt to Dorex2007 [Ts Jh]
eclihan: folds 
Sr ÁviIa: folds 
WiseWolf71: folds 
lucifergaia: folds 
NoName35387: folds 
rairai924 has timed out
rairai924: folds 
cocon902: calls $0.05
Dorex2007: folds 
MuppetsRUsInc: checks 
*** FLOP *** [4s Jd 9s]
MuppetsRUsInc: checks 
cocon902: bets $0.06
MuppetsRUsInc: folds 
Uncalled bet ($0.06) returned to cocon902
cocon902 collected $0.12 from pot
*** SUMMARY ***
Total pot $0.12 | Rake $0 
Board [4s Jd 9s]
Seat 1: lucifergaia folded before Flop (didn't bet)
Seat 2: NoName35387 folded before Flop (didn't bet)
Seat 3: rairai924 folded before Flop (didn't bet)
Seat 4: cocon902 (button) collected ($0.12)
Seat 5: Dorex2007 (small blind) folded before Flop
Seat 6: MuppetsRUsInc (big blind) folded on the Flop
Seat 7: eclihan folded before Flop (didn't bet)
Seat 8: Sr ÁviIa folded before Flop (didn't bet)
Seat 9: WiseWolf71 folded before Flop (didn't bet)



PokerStars Hand #238446876403:  Hold'em No Limit ($0.02/$0.05 USD) - 2022/09/05 21:09:13 PT [2022/09/06 0:09:13 ET]
Table 'Goffin II' 9-max Seat #5 is the button
Seat 1: lucifergaia ($5.51 in chips) 
Seat 2: NoName35387 ($12.89 in chips) 
Seat 3: rairai924 ($5.32 in chips) 
Seat 4: cocon902 ($11.57 in chips) 
Seat 5: Dorex2007 ($5.39 in chips) 
Seat 6: MuppetsRUsInc ($1.70 in chips) 
Seat 7: eclihan ($5.93 in chips) 
Seat 8: Sr ÁviIa ($2.96 in chips) 
Seat 9: WiseWolf71 ($4.20 in chips) 
MuppetsRUsInc: posts small blind $0.02
eclihan: posts big blind $0.05
*** HOLE CARDS ***
Dealt to Dorex2007 [7c 2c]
Sr ÁviIa: folds 
WiseWolf71: raises $0.05 to $0.10
lucifergaia: folds 
NoName35387: folds 
rairai924: folds 
cocon902: folds 
Dorex2007: folds 
MuppetsRUsInc: calls $0.08
eclihan: calls $0.05
*** FLOP *** [Ah 4c Kh]
MuppetsRUsInc: checks 
eclihan: checks 
WiseWolf71: bets $0.15
MuppetsRUsInc: calls $0.15
eclihan: folds 
*** TURN *** [Ah 4c Kh] [Jc]
MuppetsRUsInc: checks 
WiseWolf71: bets $0.25
MuppetsRUsInc: calls $0.25
*** RIVER *** [Ah 4c Kh Jc] [7h]
MuppetsRUsInc: bets $1.20 and is all-in
WiseWolf71: folds 
Uncalled bet ($1.20) returned to MuppetsRUsInc
MuppetsRUsInc collected $1.05 from pot
*** SUMMARY ***
Total pot $1.10 | Rake $0.05 
Board [Ah 4c Kh Jc 7h]
Seat 1: lucifergaia folded before Flop (didn't bet)
Seat 2: NoName35387 folded before Flop (didn't bet)
Seat 3: rairai924 folded before Flop (didn't bet)
Seat 4: cocon902 folded before Flop (didn't bet)
Seat 5: Dorex2007 (button) folded before Flop (didn't bet)
Seat 6: MuppetsRUsInc (small blind) collected ($1.05)
Seat 7: eclihan (big blind) folded on the Flop
Seat 8: Sr ÁviIa folded before Flop (didn't bet)
Seat 9: WiseWolf71 folded on the River



PokerStars Hand #238446885114:  Hold'em No Limit ($0.02/$0.05 USD) - 2022/09/05 21:10:25 PT [2022/09/06 0:10:25 ET]
Table 'Goffin II' 9-max Seat #6 is the button
Seat 1: lucifergaia ($5.51 in chips) 
Seat 2: NoName35387 ($12.89 in chips) 
Seat 3: rairai924 ($5.32 in chips) 
Seat 4: cocon902 ($11.57 in chips) 
Seat 5: Dorex2007 ($5.39 in chips) 
Seat 6: MuppetsRUsInc ($2.25 in chips) 
Seat 7: eclihan ($5.83 in chips) 
Seat 8: Sr ÁviIa ($2.96 in chips) 
Seat 9: WiseWolf71 ($3.70 in chips) 
eclihan: posts small blind $0.02
Sr ÁviIa: posts big blind $0.05
*** HOLE CARDS ***
Dealt to Dorex2007 [2c Qd]
WiseWolf71: folds 
lucifergaia: folds 
NoName35387: calls $0.05
rairai924: raises $0.12 to $0.17
cocon902: folds 
Dorex2007: folds 
MuppetsRUsInc: calls $0.17
eclihan: folds 
Sr ÁviIa: calls $0.12
NoName35387: calls $0.12
*** FLOP *** [8h 8c Jc]
Sr ÁviIa: checks 
NoName35387: checks 
rairai924: bets $0.25
MuppetsRUsInc: calls $0.25
Sr ÁviIa: folds 
NoName35387: calls $0.25
*** TURN *** [8h 8c Jc] [9h]
NoName35387: checks 
rairai924: checks 
MuppetsRUsInc: bets $0.25
NoName35387: raises $0.95 to $1.20
rairai924: folds 
MuppetsRUsInc: calls $0.95
*** RIVER *** [8h 8c Jc 9h] [3s]
NoName35387: bets $3.69
MuppetsRUsInc: folds 
Uncalled bet ($3.69) returned to NoName35387
NoName35387 collected $3.69 from pot
*** SUMMARY ***
Total pot $3.85 | Rake $0.16 
Board [8h 8c Jc 9h 3s]
Seat 1: lucifergaia folded before Flop (didn't bet)
Seat 2: NoName35387 collected ($3.69)
Seat 3: rairai924 folded on the Turn
Seat 4: cocon902 folded before Flop (didn't bet)
Seat 5: Dorex2007 folded before Flop (didn't bet)
Seat 6: MuppetsRUsInc (button) folded on the River
Seat 7: eclihan (small blind) folded before Flop
Seat 8: Sr ÁviIa (big blind) folded on the Flop
Seat 9: WiseWolf71 folded before Flop (didn't bet)



PokerStars Hand #238446894462:  Hold'em No Limit ($0.02/$0.05 USD) - 2022/09/05 21:11:43 PT [2022/09/06 0:11:43 ET]
Table 'Goffin II' 9-max Seat #7 is the button
Seat 1: lucifergaia ($5.51 in chips) 
Seat 2: NoName35387 ($14.96 in chips) 
Seat 3: rairai924 ($4.90 in chips) 
Seat 4: cocon902 ($11.57 in chips) 
Seat 5: Dorex2007 ($5.39 in chips) 
Seat 6: MuppetsRUsInc ($0.63 in chips) 
Seat 7: eclihan ($5.81 in chips) 
Seat 8: Sr ÁviIa ($2.79 in chips) 
Seat 9: WiseWolf71 ($3.70 in chips) 
Sr ÁviIa: posts small blind $0.02
WiseWolf71: posts big blind $0.05
*** HOLE CARDS ***
Dealt to Dorex2007 [5s 6s]
lucifergaia: folds 
NoName35387: calls $0.05
rairai924: folds 
cocon902: folds 
Dorex2007: folds 
MuppetsRUsInc: folds 
eclihan: raises $0.07 to $0.12
Sr ÁviIa: folds 
WiseWolf71: calls $0.07
NoName35387: calls $0.07
*** FLOP *** [Js 4h 2h]
WiseWolf71: checks 
NoName35387: bets $0.36
eclihan: calls $0.36
WiseWolf71: folds 
*** TURN *** [Js 4h 2h] [Td]
NoName35387: bets $1.05
eclihan: raises $2.44 to $3.49
NoName35387: folds 
Uncalled bet ($2.44) returned to eclihan
eclihan collected $3.07 from pot
eclihan: doesn't show hand 
*** SUMMARY ***
Total pot $3.20 | Rake $0.13 
Board [Js 4h 2h Td]
Seat 1: lucifergaia folded before Flop (didn't bet)
Seat 2: NoName35387 folded on the Turn
Seat 3: rairai924 folded before Flop (didn't bet)
Seat 4: cocon902 folded before Flop (didn't bet)
Seat 5: Dorex2007 folded before Flop (didn't bet)
Seat 6: MuppetsRUsInc folded before Flop (didn't bet)
Seat 7: eclihan (button) collected ($3.07)
Seat 8: Sr ÁviIa (small blind) folded before Flop
Seat 9: WiseWolf71 (big blind) folded on the Flop



PokerStars Hand #238446901537:  Hold'em No Limit ($0.02/$0.05 USD) - 2022/09/05 21:12:41 PT [2022/09/06 0:12:41 ET]
Table 'Goffin II' 9-max Seat #8 is the button
Seat 1: lucifergaia ($5.51 in chips) 
Seat 2: NoName35387 ($13.43 in chips) 
Seat 3: rairai924 ($4.90 in chips) 
Seat 4: cocon902 ($11.57 in chips) 
Seat 5: Dorex2007 ($5.39 in chips) 
Seat 6: MuppetsRUsInc ($0.63 in chips) 
Seat 7: eclihan ($7.35 in chips) 
Seat 8: Sr ÁviIa ($2.77 in chips) 
Seat 9: WiseWolf71 ($3.58 in chips) 
WiseWolf71: posts small blind $0.02
lucifergaia: posts big blind $0.05
*** HOLE CARDS ***
Dealt to Dorex2007 [2s Qh]
NoName35387: calls $0.05
rairai924: folds 
cocon902: calls $0.05
Dorex2007: folds 
MuppetsRUsInc: folds 
eclihan: folds 
Sr ÁviIa: folds 
WiseWolf71: raises $0.25 to $0.30
lucifergaia: folds 
NoName35387: calls $0.25
cocon902: calls $0.25
*** FLOP *** [Ac 7s Ks]
WiseWolf71: bets $0.50
NoName35387: folds 
cocon902: calls $0.50
*** TURN *** [Ac 7s Ks] [6d]
WiseWolf71: checks 
cocon902: bets $0.93
WiseWolf71: folds 
Uncalled bet ($0.93) returned to cocon902
cocon902 collected $1.87 from pot
*** SUMMARY ***
Total pot $1.95 | Rake $0.08 
Board [Ac 7s Ks 6d]
Seat 1: lucifergaia (big blind) folded before Flop
Seat 2: NoName35387 folded on the Flop
Seat 3: rairai924 folded before Flop (didn't bet)
Seat 4: cocon902 collected ($1.87)
Seat 5: Dorex2007 folded before Flop (didn't bet)
Seat 6: MuppetsRUsInc folded before Flop (didn't bet)
Seat 7: eclihan folded before Flop (didn't bet)
Seat 8: Sr ÁviIa (button) folded before Flop (didn't bet)
Seat 9: WiseWolf71 (small blind) folded on the Turn



PokerStars Hand #238446908957:  Hold'em No Limit ($0.02/$0.05 USD) - 2022/09/05 21:13:43 PT [2022/09/06 0:13:43 ET]
Table 'Goffin II' 9-max Seat #9 is the button
Seat 1: lucifergaia ($5.46 in chips) 
Seat 2: NoName35387 ($13.13 in chips) 
Seat 3: rairai924 ($4.90 in chips) 
Seat 4: cocon902 ($12.64 in chips) 
Seat 5: Dorex2007 ($5.39 in chips) 
Seat 6: MuppetsRUsInc ($0.63 in chips) 
Seat 7: eclihan ($7.35 in chips) 
Seat 8: Sr ÁviIa ($2.77 in chips) 
Seat 9: WiseWolf71 ($2.78 in chips) 
lucifergaia: posts small blind $0.02
NoName35387: posts big blind $0.05
*** HOLE CARDS ***
Dealt to Dorex2007 [Td 7s]
rairai924: raises $0.07 to $0.12
cocon902: calls $0.12
Dorex2007: folds 
MuppetsRUsInc: folds 
eclihan: folds 
Sr ÁviIa: calls $0.12
WiseWolf71: calls $0.12
lucifergaia: folds 
NoName35387: calls $0.07
*** FLOP *** [5s 7h 4d]
NoName35387: checks 
rairai924: checks 
cocon902: bets $0.29
Sr ÁviIa: calls $0.29
WiseWolf71: folds 
NoName35387: calls $0.29
rairai924: calls $0.29
*** TURN *** [5s 7h 4d] [5d]
NoName35387: checks 
rairai924: checks 
cocon902: bets $1.71
Sr ÁviIa: raises $0.65 to $2.36 and is all-in
NoName35387: calls $2.36
rairai924: folds 
cocon902: calls $0.65
*** RIVER *** [5s 7h 4d 5d] [Ah]
NoName35387: bets $8.49
cocon902: raises $1.38 to $9.87 and is all-in
NoName35387: calls $1.38
*** SHOW DOWN ***
cocon902: shows [8s 6c] (a straight, Four to Eight)
NoName35387: shows [5c 6s] (three of a kind, Fives)
cocon902 collected $19.11 from side pot
Sr ÁviIa: shows [6h 4h] (two pair, Fives and Fours)
cocon902 collected $8.49 from main pot
*** SUMMARY ***
Total pot $28.60 Main pot $8.49. Side pot $19.11. | Rake $1 
Board [5s 7h 4d 5d Ah]
Seat 1: lucifergaia (small blind) folded before Flop
Seat 2: NoName35387 (big blind) showed [5c 6s] and lost with three of a kind, Fives
Seat 3: rairai924 folded on the Turn
Seat 4: cocon902 showed [8s 6c] and won ($27.60) with a straight, Four to Eight
Seat 5: Dorex2007 folded before Flop (didn't bet)
Seat 6: MuppetsRUsInc folded before Flop (didn't bet)
Seat 7: eclihan folded before Flop (didn't bet)
Seat 8: Sr ÁviIa showed [6h 4h] and lost with two pair, Fives and Fours
Seat 9: WiseWolf71 (button) folded on the Flop



PokerStars Hand #238446919322:  Hold'em No Limit ($0.02/$0.05 USD) - 2022/09/05 21:15:09 PT [2022/09/06 0:15:09 ET]
Table 'Goffin II' 9-max Seat #1 is the button
Seat 1: lucifergaia ($5.44 in chips) 
Seat 2: NoName35387 ($0.49 in chips) 
Seat 3: rairai924 ($4.49 in chips) 
Seat 4: cocon902 ($27.60 in chips) 
Seat 5: Dorex2007 ($5.39 in chips) 
Seat 6: MuppetsRUsInc ($0.63 in chips) 
Seat 7: eclihan ($7.35 in chips) 
Seat 9: WiseWolf71 ($2.66 in chips) 
NoName35387: posts small blind $0.02
rairai924: posts big blind $0.05
*** HOLE CARDS ***
Dealt to Dorex2007 [9d Ad]
cocon902: calls $0.05
Dorex2007: calls $0.05
Sr ÁviIa leaves the table
MuppetsRUsInc: raises $0.58 to $0.63 and is all-in
eclihan: folds 
WiseWolf71: folds 
lucifergaia: folds 
NoName35387: folds 
rairai924: folds 
cocon902: folds 
Dorex2007: folds 
Uncalled bet ($0.58) returned to MuppetsRUsInc
NoName35387 leaves the table
MuppetsRUsInc collected $0.22 from pot
*** SUMMARY ***
Total pot $0.22 | Rake $0 
Seat 1: lucifergaia (button) folded before Flop (didn't bet)
Seat 2: NoName35387 (small blind) folded before Flop
Seat 3: rairai924 (big blind) folded before Flop
Seat 4: cocon902 folded before Flop
Seat 5: Dorex2007 folded before Flop
Seat 6: MuppetsRUsInc collected ($0.22)
Seat 7: eclihan folded before Flop (didn't bet)
Seat 9: WiseWolf71 folded before Flop (didn't bet)



PokerStars Hand #238446924368:  Hold'em No Limit ($0.02/$0.05 USD) - 2022/09/05 21:15:51 PT [2022/09/06 0:15:51 ET]
Table 'Goffin II' 9-max Seat #3 is the button
Seat 1: lucifergaia ($5.44 in chips) 
Seat 3: rairai924 ($4.44 in chips) 
Seat 4: cocon902 ($27.55 in chips) 
Seat 5: Dorex2007 ($5.34 in chips) 
Seat 6: MuppetsRUsInc ($0.80 in chips) 
Seat 7: eclihan ($7.35 in chips) 
Seat 9: WiseWolf71 ($2.66 in chips) 
cocon902: posts small blind $0.02
Dorex2007: posts big blind $0.05
*** HOLE CARDS ***
Dealt to Dorex2007 [Th 3h]
MuppetsRUsInc: folds 
eclihan: folds 
WiseWolf71: folds 
lucifergaia: folds 
rairai924: folds 
cocon902: calls $0.03
Dorex2007: checks 
*** FLOP *** [4h 8s Kd]
cocon902: bets $0.05
Dorex2007: folds 
Uncalled bet ($0.05) returned to cocon902
cocon902 collected $0.10 from pot
*** SUMMARY ***
Total pot $0.10 | Rake $0 
Board [4h 8s Kd]
Seat 1: lucifergaia folded before Flop (didn't bet)
Seat 3: rairai924 (button) folded before Flop (didn't bet)
Seat 4: cocon902 (small blind) collected ($0.10)
Seat 5: Dorex2007 (big blind) folded on the Flop
Seat 6: MuppetsRUsInc folded before Flop (didn't bet)
Seat 7: eclihan folded before Flop (didn't bet)
Seat 9: WiseWolf71 folded before Flop (didn't bet)



PokerStars Hand #238446928448:  Hold'em No Limit ($0.02/$0.05 USD) - 2022/09/05 21:16:24 PT [2022/09/06 0:16:24 ET]
Table 'Goffin II' 9-max Seat #4 is the button
Seat 1: lucifergaia ($5.44 in chips) 
Seat 3: rairai924 ($4.44 in chips) 
Seat 4: cocon902 ($27.60 in chips) 
Seat 5: Dorex2007 ($5.29 in chips) 
Seat 6: MuppetsRUsInc ($0.80 in chips) 
Seat 7: eclihan ($7.35 in chips) 
Seat 9: WiseWolf71 ($2.66 in chips) 
Dorex2007: posts small blind $0.02
MuppetsRUsInc: posts big blind $0.05
*** HOLE CARDS ***
Dealt to Dorex2007 [4h 4c]
eclihan: folds 
WiseWolf71: folds 
lucifergaia: raises $0.12 to $0.17
rairai924: folds 
cocon902: calls $0.17
Dorex2007: folds 
MuppetsRUsInc: folds 
*** FLOP *** [9h Qd 6h]
lucifergaia: checks 
cocon902: bets $0.19
lucifergaia: folds 
Uncalled bet ($0.19) returned to cocon902
cocon902 collected $0.39 from pot
*** SUMMARY ***
Total pot $0.41 | Rake $0.02 
Board [9h Qd 6h]
Seat 1: lucifergaia folded on the Flop
Seat 3: rairai924 folded before Flop (didn't bet)
Seat 4: cocon902 (button) collected ($0.39)
Seat 5: Dorex2007 (small blind) folded before Flop
Seat 6: MuppetsRUsInc (big blind) folded before Flop
Seat 7: eclihan folded before Flop (didn't bet)
Seat 9: WiseWolf71 folded before Flop (didn't bet)



PokerStars Hand #238446932326:  Hold'em No Limit ($0.02/$0.05 USD) - 2022/09/05 21:16:57 PT [2022/09/06 0:16:57 ET]
Table 'Goffin II' 9-max Seat #5 is the button
Seat 1: lucifergaia ($5.27 in chips) 
Seat 3: rairai924 ($4.44 in chips) 
Seat 4: cocon902 ($27.82 in chips) 
Seat 5: Dorex2007 ($5.27 in chips) 
Seat 6: MuppetsRUsInc ($0.75 in chips) 
Seat 7: eclihan ($7.35 in chips) 
Seat 9: WiseWolf71 ($2.66 in chips) 
MuppetsRUsInc: posts small blind $0.02
eclihan: posts big blind $0.05
*** HOLE CARDS ***
Dealt to Dorex2007 [4c 6d]
WiseWolf71: folds 
lucifergaia: folds 
rairai924: folds 
cocon902: calls $0.05
Dorex2007: folds 
MuppetsRUsInc: calls $0.03
eclihan: checks 
*** FLOP *** [3c Td Tc]
MuppetsRUsInc: checks 
eclihan: checks 
cocon902: checks 
*** TURN *** [3c Td Tc] [Ks]
MuppetsRUsInc: checks 
eclihan: checks 
cocon902: bets $0.14
MuppetsRUsInc: folds 
eclihan: folds 
Uncalled bet ($0.14) returned to cocon902
cocon902 collected $0.14 from pot
*** SUMMARY ***
Total pot $0.15 | Rake $0.01 
Board [3c Td Tc Ks]
Seat 1: lucifergaia folded before Flop (didn't bet)
Seat 3: rairai924 folded before Flop (didn't bet)
Seat 4: cocon902 collected ($0.14)
Seat 5: Dorex2007 (button) folded before Flop (didn't bet)
Seat 6: MuppetsRUsInc (small blind) folded on the Turn
Seat 7: eclihan (big blind) folded on the Turn
Seat 9: WiseWolf71 folded before Flop (didn't bet)



PokerStars Hand #238446937109:  Hold'em No Limit ($0.02/$0.05 USD) - 2022/09/05 21:17:38 PT [2022/09/06 0:17:38 ET]
Table 'Goffin II' 9-max Seat #6 is the button
Seat 1: lucifergaia ($5.27 in chips) 
Seat 3: rairai924 ($4.44 in chips) 
Seat 4: cocon902 ($27.91 in chips) 
Seat 5: Dorex2007 ($5.27 in chips) 
Seat 6: MuppetsRUsInc ($0.70 in chips) 
Seat 7: eclihan ($7.30 in chips) 
Seat 9: WiseWolf71 ($2.66 in chips) 
eclihan: posts small blind $0.02
WiseWolf71: posts big blind $0.05
*** HOLE CARDS ***
Dealt to Dorex2007 [Kh 3d]
lucifergaia: folds 
rairai924: raises $0.05 to $0.10
cocon902: calls $0.10
Dorex2007: folds 
MuppetsRUsInc: calls $0.10
eclihan: folds 
WiseWolf71: calls $0.05
*** FLOP *** [6h 9s Kd]
WiseWolf71: checks 
rairai924: checks 
cocon902: checks 
MuppetsRUsInc: checks 
*** TURN *** [6h 9s Kd] [5h]
WiseWolf71: checks 
rairai924: bets $0.20
cocon902: calls $0.20
MuppetsRUsInc: folds 
WiseWolf71: folds 
*** RIVER *** [6h 9s Kd 5h] [6c]
rairai924: bets $0.79
cocon902: folds 
Uncalled bet ($0.79) returned to rairai924
rairai924 collected $0.79 from pot
*** SUMMARY ***
Total pot $0.82 | Rake $0.03 
Board [6h 9s Kd 5h 6c]
Seat 1: lucifergaia folded before Flop (didn't bet)
Seat 3: rairai924 collected ($0.79)
Seat 4: cocon902 folded on the River
Seat 5: Dorex2007 folded before Flop (didn't bet)
Seat 6: MuppetsRUsInc (button) folded on the Turn
Seat 7: eclihan (small blind) folded before Flop
Seat 9: WiseWolf71 (big blind) folded on the Turn



PokerStars Hand #238446943594:  Hold'em No Limit ($0.02/$0.05 USD) - 2022/09/05 21:18:33 PT [2022/09/06 0:18:33 ET]
Table 'Goffin II' 9-max Seat #7 is the button
Seat 1: lucifergaia ($5.27 in chips) 
Seat 3: rairai924 ($4.93 in chips) 
Seat 4: cocon902 ($27.61 in chips) 
Seat 5: Dorex2007 ($5.27 in chips) 
Seat 6: MuppetsRUsInc ($0.60 in chips) 
Seat 7: eclihan ($7.28 in chips) 
Seat 9: WiseWolf71 ($2.56 in chips) 
WiseWolf71: posts small blind $0.02
lucifergaia: posts big blind $0.05
*** HOLE CARDS ***
Dealt to Dorex2007 [Jc Td]
rairai924 has timed out
rairai924: folds 
cocon902: calls $0.05
Dorex2007: folds 
MuppetsRUsInc: folds 
eclihan: folds 
WiseWolf71: folds 
lucifergaia: checks 
*** FLOP *** [7s 3c 4d]
lucifergaia: bets $0.08
cocon902: folds 
Uncalled bet ($0.08) returned to lucifergaia
lucifergaia collected $0.12 from pot
lucifergaia: doesn't show hand 
*** SUMMARY ***
Total pot $0.12 | Rake $0 
Board [7s 3c 4d]
Seat 1: lucifergaia (big blind) collected ($0.12)
Seat 3: rairai924 folded before Flop (didn't bet)
Seat 4: cocon902 folded on the Flop
Seat 5: Dorex2007 folded before Flop (didn't bet)
Seat 6: MuppetsRUsInc folded before Flop (didn't bet)
Seat 7: eclihan (button) folded before Flop (didn't bet)
Seat 9: WiseWolf71 (small blind) folded before Flop



PokerStars Hand #238446946599:  Hold'em No Limit ($0.02/$0.05 USD) - 2022/09/05 21:18:59 PT [2022/09/06 0:18:59 ET]
Table 'Goffin II' 9-max Seat #9 is the button
Seat 1: lucifergaia ($5.34 in chips) 
Seat 3: rairai924 ($4.93 in chips) 
Seat 4: cocon902 ($27.56 in chips) 
Seat 5: Dorex2007 ($5.27 in chips) 
Seat 6: MuppetsRUsInc ($0.60 in chips) 
Seat 7: eclihan ($7.28 in chips) 
Seat 9: WiseWolf71 ($2.54 in chips) 
lucifergaia: posts small blind $0.02
rairai924: posts big blind $0.05
*** HOLE CARDS ***
Dealt to Dorex2007 [Qh 4h]
cocon902: raises $0.10 to $0.15
Dorex2007: folds 
MuppetsRUsInc: folds 
eclihan: folds 
WiseWolf71: folds 
lucifergaia: folds 
rairai924: calls $0.10
*** FLOP *** [3s 8s 3d]
rairai924: checks 
cocon902: checks 
*** TURN *** [3s 8s 3d] [Th]
rairai924: checks 
cocon902: checks 
*** RIVER *** [3s 8s 3d Th] [Qs]
rairai924: checks 
cocon902: checks 
*** SHOW DOWN ***
rairai924: shows [4c 7c] (a pair of Threes)
cocon902: shows [Ad Jc] (a pair of Threes - Ace kicker)
cocon902 collected $0.31 from pot
*** SUMMARY ***
Total pot $0.32 | Rake $0.01 
Board [3s 8s 3d Th Qs]
Seat 1: lucifergaia (small blind) folded before Flop
Seat 3: rairai924 (big blind) showed [4c 7c] and lost with a pair of Threes
Seat 4: cocon902 showed [Ad Jc] and won ($0.31) with a pair of Threes
Seat 5: Dorex2007 folded before Flop (didn't bet)
Seat 6: MuppetsRUsInc folded before Flop (didn't bet)
Seat 7: eclihan folded before Flop (didn't bet)
Seat 9: WiseWolf71 (button) folded before Flop (didn't bet)



PokerStars Hand #238446950105:  Hold'em No Limit ($0.02/$0.05 USD) - 2022/09/05 21:19:28 PT [2022/09/06 0:19:28 ET]
Table 'Goffin II' 9-max Seat #1 is the button
Seat 1: lucifergaia ($5.32 in chips) 
Seat 3: rairai924 ($4.78 in chips) 
Seat 4: cocon902 ($27.72 in chips) 
Seat 5: Dorex2007 ($5.27 in chips) 
Seat 6: MuppetsRUsInc ($0.60 in chips) 
Seat 7: eclihan ($7.28 in chips) 
Seat 9: WiseWolf71 ($2.54 in chips) 
rairai924: posts small blind $0.02
cocon902: posts big blind $0.05
*** HOLE CARDS ***
Dealt to Dorex2007 [As 2s]
Dorex2007: folds 
MuppetsRUsInc: raises $0.10 to $0.15
eclihan: folds 
WiseWolf71: calls $0.15
lucifergaia: folds 
rairai924: folds 
cocon902: folds 
*** FLOP *** [7h 9s Kc]
MuppetsRUsInc: bets $0.45 and is all-in
WiseWolf71: folds 
Uncalled bet ($0.45) returned to MuppetsRUsInc
MuppetsRUsInc collected $0.35 from pot
*** SUMMARY ***
Total pot $0.37 | Rake $0.02 
Board [7h 9s Kc]
Seat 1: lucifergaia (button) folded before Flop (didn't bet)
Seat 3: rairai924 (small blind) folded before Flop
Seat 4: cocon902 (big blind) folded before Flop
Seat 5: Dorex2007 folded before Flop (didn't bet)
Seat 6: MuppetsRUsInc collected ($0.35)
Seat 7: eclihan folded before Flop (didn't bet)
Seat 9: WiseWolf71 folded on the Flop



PokerStars Hand #238446954232:  Hold'em No Limit ($0.02/$0.05 USD) - 2022/09/05 21:20:03 PT [2022/09/06 0:20:03 ET]
Table 'Goffin II' 9-max Seat #3 is the button
Seat 1: lucifergaia ($5.32 in chips) 
Seat 3: rairai924 ($4.76 in chips) 
Seat 4: cocon902 ($27.67 in chips) 
Seat 5: Dorex2007 ($5.27 in chips) 
Seat 6: MuppetsRUsInc ($0.80 in chips) 
Seat 7: eclihan ($7.28 in chips) 
Seat 9: WiseWolf71 ($2.39 in chips) 
cocon902: posts small blind $0.02
Dorex2007: posts big blind $0.05
*** HOLE CARDS ***
Dealt to Dorex2007 [Jd 7h]
MuppetsRUsInc: folds 
eclihan: folds 
WiseWolf71: folds 
lucifergaia: folds 
rairai924: folds 
cocon902: calls $0.03
Dorex2007: checks 
*** FLOP *** [8s 7d 2d]
cocon902: bets $0.10
Dorex2007: folds 
Uncalled bet ($0.10) returned to cocon902
cocon902 collected $0.10 from pot
*** SUMMARY ***
Total pot $0.10 | Rake $0 
Board [8s 7d 2d]
Seat 1: lucifergaia folded before Flop (didn't bet)
Seat 3: rairai924 (button) folded before Flop (didn't bet)
Seat 4: cocon902 (small blind) collected ($0.10)
Seat 5: Dorex2007 (big blind) folded on the Flop
Seat 6: MuppetsRUsInc folded before Flop (didn't bet)
Seat 7: eclihan folded before Flop (didn't bet)
Seat 9: WiseWolf71 folded before Flop (didn't bet)



PokerStars Hand #238446958365:  Hold'em No Limit ($0.02/$0.05 USD) - 2022/09/05 21:20:38 PT [2022/09/06 0:20:38 ET]
Table 'Goffin II' 9-max Seat #4 is the button
Seat 1: lucifergaia ($5.32 in chips) 
Seat 3: rairai924 ($4.76 in chips) 
Seat 4: cocon902 ($27.72 in chips) 
Seat 5: Dorex2007 ($5.22 in chips) 
Seat 6: MuppetsRUsInc ($0.80 in chips) 
Seat 7: eclihan ($7.28 in chips) 
Seat 9: WiseWolf71 ($2.39 in chips) 
Dorex2007: posts small blind $0.02
MuppetsRUsInc: posts big blind $0.05
*** HOLE CARDS ***
Dealt to Dorex2007 [Th Qs]
eclihan: folds 
WiseWolf71: folds 
lucifergaia: folds 
rairai924: folds 
cocon902: calls $0.05
Dorex2007: folds 
MuppetsRUsInc: checks 
*** FLOP *** [4d 9c Jh]
MuppetsRUsInc: checks 
cocon902: checks 
*** TURN *** [4d 9c Jh] [4c]
MuppetsRUsInc: checks 
cocon902: bets $0.06
MuppetsRUsInc: folds 
Uncalled bet ($0.06) returned to cocon902
cocon902 collected $0.12 from pot
*** SUMMARY ***
Total pot $0.12 | Rake $0 
Board [4d 9c Jh 4c]
Seat 1: lucifergaia folded before Flop (didn't bet)
Seat 3: rairai924 folded before Flop (didn't bet)
Seat 4: cocon902 (button) collected ($0.12)
Seat 5: Dorex2007 (small blind) folded before Flop
Seat 6: MuppetsRUsInc (big blind) folded on the Turn
Seat 7: eclihan folded before Flop (didn't bet)
Seat 9: WiseWolf71 folded before Flop (didn't bet)



PokerStars Hand #238446962358:  Hold'em No Limit ($0.02/$0.05 USD) - 2022/09/05 21:21:12 PT [2022/09/06 0:21:12 ET]
Table 'Goffin II' 9-max Seat #5 is the button
Seat 1: lucifergaia ($5.32 in chips) 
Seat 3: rairai924 ($4.76 in chips) 
Seat 4: cocon902 ($27.79 in chips) 
Seat 5: Dorex2007 ($5.20 in chips) 
Seat 6: MuppetsRUsInc ($0.75 in chips) 
Seat 7: eclihan ($7.28 in chips) 
Seat 9: WiseWolf71 ($2.39 in chips) 
MuppetsRUsInc: posts small blind $0.02
eclihan: posts big blind $0.05
*** HOLE CARDS ***
Dealt to Dorex2007 [Jh Qh]
WiseWolf71: folds 
lucifergaia: folds 
rairai924: raises $0.07 to $0.12
cocon902: calls $0.12
Dorex2007: calls $0.12
MuppetsRUsInc: folds 
eclihan: folds 
*** FLOP *** [8d Kc 3s]
rairai924: checks 
cocon902: checks 
Dorex2007: checks 
*** TURN *** [8d Kc 3s] [2d]
rairai924: bets $0.20
cocon902: raises $0.41 to $0.61
Dorex2007: folds 
rairai924: folds 
Uncalled bet ($0.41) returned to cocon902
cocon902 collected $0.80 from pot
*** SUMMARY ***
Total pot $0.83 | Rake $0.03 
Board [8d Kc 3s 2d]
Seat 1: lucifergaia folded before Flop (didn't bet)
Seat 3: rairai924 folded on the Turn
Seat 4: cocon902 collected ($0.80)
Seat 5: Dorex2007 (button) folded on the Turn
Seat 6: MuppetsRUsInc (small blind) folded before Flop
Seat 7: eclihan (big blind) folded before Flop
Seat 9: WiseWolf71 folded before Flop (didn't bet)



PokerStars Hand #238446969210:  Hold'em No Limit ($0.02/$0.05 USD) - 2022/09/05 21:22:11 PT [2022/09/06 0:22:11 ET]
Table 'Goffin II' 9-max Seat #6 is the button
Seat 1: lucifergaia ($5.32 in chips) 
Seat 3: rairai924 ($4.44 in chips) 
Seat 4: cocon902 ($28.27 in chips) 
Seat 5: Dorex2007 ($5.08 in chips) 
Seat 6: MuppetsRUsInc ($0.73 in chips) 
Seat 7: eclihan ($7.23 in chips) 
Seat 9: WiseWolf71 ($2.39 in chips) 
eclihan: posts small blind $0.02
WiseWolf71: posts big blind $0.05
*** HOLE CARDS ***
Dealt to Dorex2007 [Jh 3h]
lucifergaia: folds 
rairai924: folds 
cocon902: calls $0.05
Dorex2007: folds 
MuppetsRUsInc: folds 
eclihan: folds 
WiseWolf71: checks 
*** FLOP *** [Th 5h 5d]
WiseWolf71: checks 
cocon902: checks 
*** TURN *** [Th 5h 5d] [Ac]
WiseWolf71: checks 
cocon902: checks 
*** RIVER *** [Th 5h 5d Ac] [Qh]
WiseWolf71: checks 
cocon902: bets $0.06
WiseWolf71: folds 
Uncalled bet ($0.06) returned to cocon902
cocon902 collected $0.12 from pot
*** SUMMARY ***
Total pot $0.12 | Rake $0 
Board [Th 5h 5d Ac Qh]
Seat 1: lucifergaia folded before Flop (didn't bet)
Seat 3: rairai924 folded before Flop (didn't bet)
Seat 4: cocon902 collected ($0.12)
Seat 5: Dorex2007 folded before Flop (didn't bet)
Seat 6: MuppetsRUsInc (button) folded before Flop (didn't bet)
Seat 7: eclihan (small blind) folded before Flop
Seat 9: WiseWolf71 (big blind) folded on the River



PokerStars Hand #238446974114:  Hold'em No Limit ($0.02/$0.05 USD) - 2022/09/05 21:22:53 PT [2022/09/06 0:22:53 ET]
Table 'Goffin II' 9-max Seat #7 is the button
Seat 1: lucifergaia ($5.32 in chips) 
Seat 3: rairai924 ($4.44 in chips) 
Seat 4: cocon902 ($28.34 in chips) 
Seat 5: Dorex2007 ($5.08 in chips) 
Seat 6: MuppetsRUsInc ($0.73 in chips) 
Seat 7: eclihan ($7.21 in chips) 
Seat 9: WiseWolf71 ($2.34 in chips) 
WiseWolf71: posts small blind $0.02
lucifergaia: posts big blind $0.05
*** HOLE CARDS ***
Dealt to Dorex2007 [Qh Qs]
rairai924: folds 
cocon902: calls $0.05
Dorex2007: raises $0.17 to $0.22
MuppetsRUsInc: folds 
eclihan: folds 
WiseWolf71: folds 
lucifergaia: folds 
cocon902: folds 
Uncalled bet ($0.17) returned to Dorex2007
Dorex2007 collected $0.17 from pot
Dorex2007: doesn't show hand 
*** SUMMARY ***
Total pot $0.17 | Rake $0 
Seat 1: lucifergaia (big blind) folded before Flop
Seat 3: rairai924 folded before Flop (didn't bet)
Seat 4: cocon902 folded before Flop
Seat 5: Dorex2007 collected ($0.17)
Seat 6: MuppetsRUsInc folded before Flop (didn't bet)
Seat 7: eclihan (button) folded before Flop (didn't bet)
Seat 9: WiseWolf71 (small blind) folded before Flop



PokerStars Hand #238446976576:  Hold'em No Limit ($0.02/$0.05 USD) - 2022/09/05 21:23:15 PT [2022/09/06 0:23:15 ET]
Table 'Goffin II' 9-max Seat #9 is the button
Seat 1: lucifergaia ($5.27 in chips) 
Seat 3: rairai924 ($4.44 in chips) 
Seat 4: cocon902 ($28.29 in chips) 
Seat 5: Dorex2007 ($5.20 in chips) 
Seat 6: MuppetsRUsInc ($0.73 in chips) 
Seat 7: eclihan ($7.21 in chips) 
Seat 9: WiseWolf71 ($2.32 in chips) 
lucifergaia: posts small blind $0.02
rairai924: posts big blind $0.05
*** HOLE CARDS ***
Dealt to Dorex2007 [Kh Ks]
cocon902: folds 
Dorex2007: raises $0.15 to $0.20
MuppetsRUsInc: folds 
borussenalex joins the table at seat #8 
eclihan: folds 
WiseWolf71: folds 
lucifergaia: folds 
rairai924: calls $0.15
*** FLOP *** [9s 2c Jc]
rairai924: checks 
Dorex2007: bets $0.27
rairai924: calls $0.27
*** TURN *** [9s 2c Jc] [8s]
rairai924: checks 
Dorex2007: bets $4.73 and is all-in
rairai924: folds 
Uncalled bet ($4.73) returned to Dorex2007
Dorex2007 collected $0.92 from pot
Dorex2007: doesn't show hand 
*** SUMMARY ***
Total pot $0.96 | Rake $0.04 
Board [9s 2c Jc 8s]
Seat 1: lucifergaia (small blind) folded before Flop
Seat 3: rairai924 (big blind) folded on the Turn
Seat 4: cocon902 folded before Flop (didn't bet)
Seat 5: Dorex2007 collected ($0.92)
Seat 6: MuppetsRUsInc folded before Flop (didn't bet)
Seat 7: eclihan folded before Flop (didn't bet)
Seat 9: WiseWolf71 (button) folded before Flop (didn't bet)



PokerStars Hand #238446981009:  Hold'em No Limit ($0.02/$0.05 USD) - 2022/09/05 21:23:53 PT [2022/09/06 0:23:53 ET]
Table 'Goffin II' 9-max Seat #1 is the button
Seat 1: lucifergaia ($5.25 in chips) 
Seat 3: rairai924 ($3.97 in chips) 
Seat 4: cocon902 ($28.29 in chips) 
Seat 5: Dorex2007 ($5.65 in chips) 
Seat 6: MuppetsRUsInc ($0.73 in chips) 
Seat 7: eclihan ($7.21 in chips) 
Seat 8: borussenalex ($5 in chips) 
Seat 9: WiseWolf71 ($2.32 in chips) 
rairai924: posts small blind $0.02
cocon902: posts big blind $0.05
borussenalex: posts big blind $0.05
*** HOLE CARDS ***
Dealt to Dorex2007 [Jc 9d]
Dorex2007: folds 
MuppetsRUsInc: folds 
Looby848586 joins the table at seat #2 
eclihan: folds 
borussenalex: checks 
WiseWolf71: calls $0.05
lucifergaia: folds 
rairai924: calls $0.03
cocon902: checks 
*** FLOP *** [9h Tc Qd]
rairai924: checks 
cocon902: checks 
borussenalex: checks 
WiseWolf71: bets $0.15
rairai924: calls $0.15
cocon902: folds 
borussenalex: folds 
*** TURN *** [9h Tc Qd] [3s]
rairai924: checks 
WiseWolf71: bets $0.48
rairai924: folds 
Uncalled bet ($0.48) returned to WiseWolf71
WiseWolf71 collected $0.48 from pot
*** SUMMARY ***
Total pot $0.50 | Rake $0.02 
Board [9h Tc Qd 3s]
Seat 1: lucifergaia (button) folded before Flop (didn't bet)
Seat 3: rairai924 (small blind) folded on the Turn
Seat 4: cocon902 (big blind) folded on the Flop
Seat 5: Dorex2007 folded before Flop (didn't bet)
Seat 6: MuppetsRUsInc folded before Flop (didn't bet)
Seat 7: eclihan folded before Flop (didn't bet)
Seat 8: borussenalex folded on the Flop (didn't bet)
Seat 9: WiseWolf71 collected ($0.48)



PokerStars Hand #238446988756:  Hold'em No Limit ($0.02/$0.05 USD) - 2022/09/05 21:24:59 PT [2022/09/06 0:24:59 ET]
Table 'Goffin II' 9-max Seat #3 is the button
Seat 1: lucifergaia ($5.25 in chips) 
Seat 2: Looby848586 ($2.04 in chips) 
Seat 3: rairai924 ($4.80 in chips) 
Seat 4: cocon902 ($28.24 in chips) 
Seat 5: Dorex2007 ($5.65 in chips) 
Seat 6: MuppetsRUsInc ($0.73 in chips) 
Seat 7: eclihan ($7.21 in chips) 
Seat 8: borussenalex ($4.95 in chips) 
Seat 9: WiseWolf71 ($2.60 in chips) 
cocon902: posts small blind $0.02
Dorex2007: posts big blind $0.05
Looby848586: posts big blind $0.05
*** HOLE CARDS ***
Dealt to Dorex2007 [9d Qc]
MuppetsRUsInc: raises $0.68 to $0.73 and is all-in
eclihan: folds 
borussenalex: folds 
WiseWolf71: folds 
lucifergaia: folds 
Looby848586: calls $0.68
rairai924: folds 
cocon902: folds 
Dorex2007: folds 
*** FLOP *** [Qs Ah Kh]
*** TURN *** [Qs Ah Kh] [2d]
*** RIVER *** [Qs Ah Kh 2d] [7c]
*** SHOW DOWN ***
MuppetsRUsInc: shows [3h 3c] (a pair of Threes)
Looby848586: shows [Ad As] (three of a kind, Aces)
Looby848586 collected $1.47 from pot
*** SUMMARY ***
Total pot $1.53 | Rake $0.06 
Board [Qs Ah Kh 2d 7c]
Seat 1: lucifergaia folded before Flop (didn't bet)
Seat 2: Looby848586 showed [Ad As] and won ($1.47) with three of a kind, Aces
Seat 3: rairai924 (button) folded before Flop (didn't bet)
Seat 4: cocon902 (small blind) folded before Flop
Seat 5: Dorex2007 (big blind) folded before Flop
Seat 6: MuppetsRUsInc showed [3h 3c] and lost with a pair of Threes
Seat 7: eclihan folded before Flop (didn't bet)
Seat 8: borussenalex folded before Flop (didn't bet)
Seat 9: WiseWolf71 folded before Flop (didn't bet)



PokerStars Hand #238446993555:  Hold'em No Limit ($0.02/$0.05 USD) - 2022/09/05 21:25:41 PT [2022/09/06 0:25:41 ET]
Table 'Goffin II' 9-max Seat #4 is the button
Seat 1: lucifergaia ($5.25 in chips) 
Seat 2: Looby848586 ($2.78 in chips) 
Seat 3: rairai924 ($5 in chips) 
Seat 4: cocon902 ($28.22 in chips) 
Seat 5: Dorex2007 ($5.60 in chips) 
Seat 7: eclihan ($7.21 in chips) 
Seat 8: borussenalex ($4.95 in chips) 
Seat 9: WiseWolf71 ($2.60 in chips) 
Dorex2007: posts small blind $0.02
eclihan: posts big blind $0.05
*** HOLE CARDS ***
Dealt to Dorex2007 [5h 5d]
borussenalex: folds 
WiseWolf71: folds 
lucifergaia: folds 
Looby848586: raises $0.05 to $0.10
rairai924: calls $0.10
cocon902: calls $0.10
Dorex2007: calls $0.08
eclihan: folds 
*** FLOP *** [8h 8d Ac]
Dorex2007: checks 
Looby848586: bets $1.10
rairai924: raises $1.10 to $2.20
cocon902: folds 
Dorex2007: folds 
Looby848586: raises $0.48 to $2.68 and is all-in
rairai924: calls $0.48
*** TURN *** [8h 8d Ac] [6h]
*** RIVER *** [8h 8d Ac 6h] [7d]
*** SHOW DOWN ***
Looby848586: shows [7c Ad] (two pair, Aces and Eights)
rairai924: shows [Tc 8c] (three of a kind, Eights)
rairai924 collected $5.57 from pot
*** SUMMARY ***
Total pot $5.81 | Rake $0.24 
Board [8h 8d Ac 6h 7d]
Seat 1: lucifergaia folded before Flop (didn't bet)
Seat 2: Looby848586 showed [7c Ad] and lost with two pair, Aces and Eights
Seat 3: rairai924 showed [Tc 8c] and won ($5.57) with three of a kind, Eights
Seat 4: cocon902 (button) folded on the Flop
Seat 5: Dorex2007 (small blind) folded on the Flop
Seat 7: eclihan (big blind) folded before Flop
Seat 8: borussenalex folded before Flop (didn't bet)
Seat 9: WiseWolf71 folded before Flop (didn't bet)



PokerStars Hand #238447000912:  Hold'em No Limit ($0.02/$0.05 USD) - 2022/09/05 21:26:44 PT [2022/09/06 0:26:44 ET]
Table 'Goffin II' 9-max Seat #5 is the button
Seat 1: lucifergaia ($5.25 in chips) 
Seat 3: rairai924 ($7.79 in chips) 
Seat 4: cocon902 ($28.12 in chips) 
Seat 5: Dorex2007 ($5.50 in chips) 
Seat 7: eclihan ($7.16 in chips) 
Seat 8: borussenalex ($4.95 in chips) 
Seat 9: WiseWolf71 ($2.60 in chips) 
eclihan: posts small blind $0.02
borussenalex: posts big blind $0.05
*** HOLE CARDS ***
Dealt to Dorex2007 [Ah 3h]
WiseWolf71: folds 
lucifergaia: folds 
rairai924: raises $0.07 to $0.12
cocon902: calls $0.12
Dorex2007: folds 
eclihan: folds 
borussenalex: calls $0.07
*** FLOP *** [8c Jd 9s]
borussenalex: checks 
rairai924: checks 
cocon902: bets $0.18
borussenalex: calls $0.18
rairai924: calls $0.18
*** TURN *** [8c Jd 9s] [5d]
borussenalex: checks 
rairai924: checks 
cocon902: checks 
*** RIVER *** [8c Jd 9s 5d] [6h]
borussenalex: checks 
rairai924: checks 
cocon902: checks 
*** SHOW DOWN ***
borussenalex: shows [6d Tc] (a pair of Sixes)
rairai924: shows [8h As] (a pair of Eights)
cocon902: mucks hand 
rairai924 collected $0.88 from pot
*** SUMMARY ***
Total pot $0.92 | Rake $0.04 
Board [8c Jd 9s 5d 6h]
Seat 1: lucifergaia folded before Flop (didn't bet)
Seat 3: rairai924 showed [8h As] and won ($0.88) with a pair of Eights
Seat 4: cocon902 mucked [Ad Td]
Seat 5: Dorex2007 (button) folded before Flop (didn't bet)
Seat 7: eclihan (small blind) folded before Flop
Seat 8: borussenalex (big blind) showed [6d Tc] and lost with a pair of Sixes
Seat 9: WiseWolf71 folded before Flop (didn't bet)



PokerStars Hand #238447010632:  Hold'em No Limit ($0.02/$0.05 USD) - 2022/09/05 21:28:07 PT [2022/09/06 0:28:07 ET]
Table 'Goffin II' 9-max Seat #7 is the button
Seat 1: lucifergaia ($5.25 in chips) 
Seat 2: Looby848586 ($2 in chips) 
Seat 3: rairai924 ($8.37 in chips) 
Seat 4: cocon902 ($27.82 in chips) 
Seat 5: Dorex2007 ($5.50 in chips) 
Seat 6: MuppetsRUsInc ($4 in chips) 
Seat 7: eclihan ($7.14 in chips) 
Seat 8: borussenalex ($4.65 in chips) 
Seat 9: WiseWolf71 ($2.60 in chips) 
borussenalex: posts small blind $0.02
WiseWolf71: posts big blind $0.05
MuppetsRUsInc: posts small & big blinds $0.07
*** HOLE CARDS ***
Dealt to Dorex2007 [9s 6c]
lucifergaia: raises $0.19 to $0.24
Looby848586: calls $0.24
rairai924: folds 
cocon902: folds 
Dorex2007: folds 
MuppetsRUsInc: calls $0.19
eclihan: folds 
borussenalex: raises $1.03 to $1.27
WiseWolf71: folds 
lucifergaia: folds 
Looby848586: calls $1.03
MuppetsRUsInc: folds 
*** FLOP *** [6h Ks Ah]
borussenalex: bets $2.96
Looby848586: calls $0.73 and is all-in
Uncalled bet ($2.23) returned to borussenalex
*** TURN *** [6h Ks Ah] [9h]
*** RIVER *** [6h Ks Ah 9h] [4d]
*** SHOW DOWN ***
borussenalex: shows [Kh As] (two pair, Aces and Kings)
Looby848586: shows [Th 9d] (a pair of Nines)
borussenalex collected $4.31 from pot
Looby848586 cashed out the hand for $0.15
*** SUMMARY ***
Total pot $4.55 | Rake $0.24 
Board [6h Ks Ah 9h 4d]
Seat 1: lucifergaia folded before Flop
Seat 2: Looby848586 showed [Th 9d] and lost with a pair of Nines (cashed out).
Seat 3: rairai924 folded before Flop (didn't bet)
Seat 4: cocon902 folded before Flop (didn't bet)
Seat 5: Dorex2007 folded before Flop (didn't bet)
Seat 6: MuppetsRUsInc folded before Flop
Seat 7: eclihan (button) folded before Flop (didn't bet)
Seat 8: borussenalex (small blind) showed [Kh As] and won ($4.31) with two pair, Aces and Kings
Seat 9: WiseWolf71 (big blind) folded before Flop



PokerStars Hand #238447016073:  Hold'em No Limit ($0.02/$0.05 USD) - 2022/09/05 21:28:54 PT [2022/09/06 0:28:54 ET]
Table 'Goffin II' 9-max Seat #8 is the button
Seat 1: lucifergaia ($5.01 in chips) 
Seat 2: Looby848586 ($0.15 in chips) 
Seat 3: rairai924 ($8.37 in chips) 
Seat 4: cocon902 ($27.82 in chips) 
Seat 5: Dorex2007 ($5.50 in chips) 
Seat 6: MuppetsRUsInc ($3.74 in chips) 
Seat 7: eclihan ($7.14 in chips) 
Seat 8: borussenalex ($6.96 in chips) 
Seat 9: WiseWolf71 ($2.55 in chips) 
WiseWolf71: posts small blind $0.02
lucifergaia: posts big blind $0.05
*** HOLE CARDS ***
Dealt to Dorex2007 [4c 9s]
Looby848586: raises $0.05 to $0.10
rairai924: folds 
cocon902: calls $0.10
Dorex2007: folds 
MuppetsRUsInc: calls $0.10
eclihan: raises $0.30 to $0.40
borussenalex: folds 
WiseWolf71: folds 
lucifergaia: raises $1.12 to $1.52
Looby848586: calls $0.05 and is all-in
cocon902: folds 
MuppetsRUsInc: calls $1.42
eclihan: folds 
*** FLOP *** [5d 6c 7d]
lucifergaia: checks 
MuppetsRUsInc: checks 
*** TURN *** [5d 6c 7d] [5h]
lucifergaia: checks 
MuppetsRUsInc: checks 
*** RIVER *** [5d 6c 7d 5h] [7h]
lucifergaia: checks 
MuppetsRUsInc: checks 
*** SHOW DOWN ***
lucifergaia: shows [Ah Kd] (two pair, Sevens and Fives)
MuppetsRUsInc: mucks hand 
lucifergaia collected $2.87 from side pot
Looby848586: shows [Qh Qd] (two pair, Queens and Sevens)
Looby848586 collected $0.69 from main pot
*** SUMMARY ***
Total pot $3.71 Main pot $0.69. Side pot $2.87. | Rake $0.15 
Board [5d 6c 7d 5h 7h]
Seat 1: lucifergaia (big blind) showed [Ah Kd] and won ($2.87) with two pair, Sevens and Fives
Seat 2: Looby848586 showed [Qh Qd] and won ($0.69) with two pair, Queens and Sevens
Seat 3: rairai924 folded before Flop (didn't bet)
Seat 4: cocon902 folded before Flop
Seat 5: Dorex2007 folded before Flop (didn't bet)
Seat 6: MuppetsRUsInc mucked [Ts 9c]
Seat 7: eclihan folded before Flop
Seat 8: borussenalex (button) folded before Flop (didn't bet)
Seat 9: WiseWolf71 (small blind) folded before Flop



PokerStars Hand #238447024230:  Hold'em No Limit ($0.02/$0.05 USD) - 2022/09/05 21:30:04 PT [2022/09/06 0:30:04 ET]
Table 'Goffin II' 9-max Seat #9 is the button
Seat 1: lucifergaia ($6.36 in chips) 
Seat 2: Looby848586 ($0.69 in chips) 
Seat 3: rairai924 ($8.37 in chips) 
Seat 4: cocon902 ($27.72 in chips) 
Seat 5: Dorex2007 ($5.50 in chips) 
Seat 6: MuppetsRUsInc ($2.22 in chips) 
Seat 7: eclihan ($6.74 in chips) 
Seat 8: borussenalex ($6.96 in chips) 
Seat 9: WiseWolf71 ($2.53 in chips) 
lucifergaia: posts small blind $0.02
Looby848586: posts big blind $0.05
*** HOLE CARDS ***
Dealt to Dorex2007 [9c 8h]
rairai924: folds 
cocon902: calls $0.05
Dorex2007: folds 
MuppetsRUsInc: folds 
eclihan: folds 
borussenalex: folds 
WiseWolf71: calls $0.05
lucifergaia: folds 
Looby848586: raises $0.05 to $0.10
cocon902: calls $0.05
WiseWolf71: calls $0.05
*** FLOP *** [Qh 6c 7s]
Looby848586: bets $0.05
cocon902: calls $0.05
WiseWolf71: calls $0.05
*** TURN *** [Qh 6c 7s] [7d]
Looby848586: bets $0.05
cocon902: folds 
WiseWolf71: calls $0.05
*** RIVER *** [Qh 6c 7s 7d] [3h]
Looby848586: checks 
WiseWolf71: checks 
*** SHOW DOWN ***
Looby848586: shows [4d Ts] (a pair of Sevens)
WiseWolf71: shows [Tc 6s] (two pair, Sevens and Sixes)
WiseWolf71 collected $0.55 from pot
*** SUMMARY ***
Total pot $0.57 | Rake $0.02 
Board [Qh 6c 7s 7d 3h]
Seat 1: lucifergaia (small blind) folded before Flop
Seat 2: Looby848586 (big blind) showed [4d Ts] and lost with a pair of Sevens
Seat 3: rairai924 folded before Flop (didn't bet)
Seat 4: cocon902 folded on the Turn
Seat 5: Dorex2007 folded before Flop (didn't bet)
Seat 6: MuppetsRUsInc folded before Flop (didn't bet)
Seat 7: eclihan folded before Flop (didn't bet)
Seat 8: borussenalex folded before Flop (didn't bet)
Seat 9: WiseWolf71 (button) showed [Tc 6s] and won ($0.55) with two pair, Sevens and Sixes



PokerStars Hand #238447031477:  Hold'em No Limit ($0.02/$0.05 USD) - 2022/09/05 21:31:06 PT [2022/09/06 0:31:06 ET]
Table 'Goffin II' 9-max Seat #1 is the button
Seat 1: lucifergaia ($6.34 in chips) 
Seat 2: Looby848586 ($0.49 in chips) 
Seat 3: rairai924 ($8.37 in chips) 
Seat 4: cocon902 ($27.57 in chips) 
Seat 5: Dorex2007 ($5.50 in chips) 
Seat 6: MuppetsRUsInc ($2.22 in chips) 
Seat 7: eclihan ($6.74 in chips) 
Seat 8: borussenalex ($6.96 in chips) 
Seat 9: WiseWolf71 ($2.88 in chips) 
Looby848586: posts small blind $0.02
rairai924: posts big blind $0.05
*** HOLE CARDS ***
Dealt to Dorex2007 [3s Js]
cocon902: folds 
Dorex2007: folds 
MuppetsRUsInc: raises $0.10 to $0.15
eclihan: folds 
borussenalex: folds 
WiseWolf71: calls $0.15
lucifergaia: calls $0.15
Looby848586: calls $0.13
rairai924: calls $0.10
*** FLOP *** [6h Tc 5s]
Looby848586: bets $0.05
rairai924: folds 
MuppetsRUsInc: calls $0.05
WiseWolf71: calls $0.05
lucifergaia: calls $0.05
*** TURN *** [6h Tc 5s] [7h]
Looby848586: bets $0.05
MuppetsRUsInc: calls $0.05
WiseWolf71: calls $0.05
lucifergaia: calls $0.05
*** RIVER *** [6h Tc 5s 7h] [4h]
cocon902 leaves the table
Looby848586: checks 
MuppetsRUsInc: checks 
KOCETO_1992 joins the table at seat #4 
WiseWolf71: checks 
lucifergaia: checks 
*** SHOW DOWN ***
Looby848586: shows [6d Jh] (a pair of Sixes)
MuppetsRUsInc: mucks hand 
WiseWolf71: shows [9d 9c] (a pair of Nines)
lucifergaia: mucks hand 
WiseWolf71 collected $1.10 from pot
*** SUMMARY ***
Total pot $1.15 | Rake $0.05 
Board [6h Tc 5s 7h 4h]
Seat 1: lucifergaia (button) mucked [Kc Qh]
Seat 2: Looby848586 (small blind) showed [6d Jh] and lost with a pair of Sixes
Seat 3: rairai924 (big blind) folded on the Flop
Seat 4: cocon902 folded before Flop (didn't bet)
Seat 5: Dorex2007 folded before Flop (didn't bet)
Seat 6: MuppetsRUsInc mucked [As Qc]
Seat 7: eclihan folded before Flop (didn't bet)
Seat 8: borussenalex folded before Flop (didn't bet)
Seat 9: WiseWolf71 showed [9d 9c] and won ($1.10) with a pair of Nines



PokerStars Hand #238447041668:  Hold'em No Limit ($0.02/$0.05 USD) - 2022/09/05 21:32:33 PT [2022/09/06 0:32:33 ET]
Table 'Goffin II' 9-max Seat #2 is the button
Seat 1: lucifergaia ($6.09 in chips) 
Seat 2: Looby848586 ($0.24 in chips) 
Seat 3: rairai924 ($8.22 in chips) 
Seat 4: KOCETO_1992 ($4 in chips) 
Seat 5: Dorex2007 ($5.50 in chips) 
Seat 6: MuppetsRUsInc ($1.97 in chips) 
Seat 7: eclihan ($6.74 in chips) 
Seat 8: borussenalex ($6.96 in chips) 
Seat 9: WiseWolf71 ($3.73 in chips) 
rairai924: posts small blind $0.02
KOCETO_1992: posts big blind $0.05
*** HOLE CARDS ***
Dealt to Dorex2007 [7c 5h]
Dorex2007: folds 
MuppetsRUsInc: calls $0.05
eclihan: folds 
borussenalex: calls $0.05
WiseWolf71: calls $0.05
lucifergaia: calls $0.05
Looby848586: raises $0.05 to $0.10
rairai924: folds 
KOCETO_1992: folds 
MuppetsRUsInc: calls $0.05
borussenalex: calls $0.05
WiseWolf71: calls $0.05
lucifergaia: calls $0.05
*** FLOP *** [7d 2h 9h]
MuppetsRUsInc: bets $0.20
borussenalex: raises $0.48 to $0.68
WiseWolf71: folds 
lucifergaia: folds 
Looby848586: calls $0.14 and is all-in
MuppetsRUsInc: raises $1.19 to $1.87 and is all-in
borussenalex: calls $1.19
*** TURN *** [7d 2h 9h] [4c]
*** RIVER *** [7d 2h 9h 4c] [Kd]
*** SHOW DOWN ***
MuppetsRUsInc: shows [6s 9d] (a pair of Nines)
borussenalex: shows [6c 9c] (a pair of Nines)
MuppetsRUsInc collected $1.66 from side pot
borussenalex collected $1.64 from side pot
Looby848586: shows [4d 7s] (two pair, Sevens and Fours)
Looby848586 collected $0.95 from main pot
*** SUMMARY ***
Total pot $4.45 Main pot $0.95. Side pot $3.30. | Rake $0.20 
Board [7d 2h 9h 4c Kd]
Seat 1: lucifergaia folded on the Flop
Seat 2: Looby848586 (button) showed [4d 7s] and won ($0.95) with two pair, Sevens and Fours
Seat 3: rairai924 (small blind) folded before Flop
Seat 4: KOCETO_1992 (big blind) folded before Flop
Seat 5: Dorex2007 folded before Flop (didn't bet)
Seat 6: MuppetsRUsInc showed [6s 9d] and won ($1.66) with a pair of Nines
Seat 7: eclihan folded before Flop (didn't bet)
Seat 8: borussenalex showed [6c 9c] and won ($1.64) with a pair of Nines
Seat 9: WiseWolf71 folded on the Flop



PokerStars Hand #238447050848:  Hold'em No Limit ($0.02/$0.05 USD) - 2022/09/05 21:33:52 PT [2022/09/06 0:33:52 ET]
Table 'Goffin II' 9-max Seat #3 is the button
Seat 1: lucifergaia ($5.99 in chips) 
Seat 2: Looby848586 ($0.95 in chips) 
Seat 3: rairai924 ($8.20 in chips) 
Seat 4: KOCETO_1992 ($3.95 in chips) 
Seat 5: Dorex2007 ($5.50 in chips) 
Seat 6: MuppetsRUsInc ($1.66 in chips) 
Seat 7: eclihan ($6.74 in chips) 
Seat 8: borussenalex ($6.63 in chips) 
Seat 9: WiseWolf71 ($3.63 in chips) 
KOCETO_1992: posts small blind $0.02
Dorex2007: posts big blind $0.05
*** HOLE CARDS ***
Dealt to Dorex2007 [8d 4h]
MuppetsRUsInc: folds 
eclihan: raises $0.07 to $0.12
borussenalex: raises $0.31 to $0.43
WiseWolf71: folds 
lucifergaia: folds 
Looby848586: raises $0.31 to $0.74
rairai924: folds 
KOCETO_1992: folds 
Dorex2007: folds 
eclihan: folds 
borussenalex: raises $0.31 to $1.05
Looby848586: calls $0.21 and is all-in
Uncalled bet ($0.10) returned to borussenalex
*** FLOP *** [2c 3h 9h]
*** TURN *** [2c 3h 9h] [Js]
*** RIVER *** [2c 3h 9h Js] [6h]
*** SHOW DOWN ***
borussenalex: shows [Ks As] (high card Ace)
Looby848586: shows [Ac 5d] (high card Ace - lower kicker)
borussenalex collected $1.98 from pot
*** SUMMARY ***
Total pot $2.09 | Rake $0.11 
Board [2c 3h 9h Js 6h]
Seat 1: lucifergaia folded before Flop (didn't bet)
Seat 2: Looby848586 showed [Ac 5d] and lost with high card Ace
Seat 3: rairai924 (button) folded before Flop (didn't bet)
Seat 4: KOCETO_1992 (small blind) folded before Flop
Seat 5: Dorex2007 (big blind) folded before Flop
Seat 6: MuppetsRUsInc folded before Flop (didn't bet)
Seat 7: eclihan folded before Flop
Seat 8: borussenalex showed [Ks As] and won ($1.98) with high card Ace
Seat 9: WiseWolf71 folded before Flop (didn't bet)



PokerStars Hand #238447055878:  Hold'em No Limit ($0.02/$0.05 USD) - 2022/09/05 21:34:36 PT [2022/09/06 0:34:36 ET]
Table 'Goffin II' 9-max Seat #4 is the button
Seat 1: lucifergaia ($5.99 in chips) 
Seat 3: rairai924 ($8.20 in chips) 
Seat 4: KOCETO_1992 ($3.93 in chips) 
Seat 5: Dorex2007 ($5.45 in chips) 
Seat 6: MuppetsRUsInc ($1.66 in chips) 
Seat 7: eclihan ($6.62 in chips) 
Seat 8: borussenalex ($7.66 in chips) 
Seat 9: WiseWolf71 ($3.63 in chips) 
Dorex2007: posts small blind $0.02
MuppetsRUsInc: posts big blind $0.05
*** HOLE CARDS ***
Dealt to Dorex2007 [6d Jh]
eclihan: folds 
borussenalex: folds 
WiseWolf71: calls $0.05
lucifergaia: folds 
rairai924: raises $0.15 to $0.20
KOCETO_1992: folds 
Dorex2007: folds 
MuppetsRUsInc: calls $0.15
WiseWolf71: folds 
*** FLOP *** [2h Th 9d]
MuppetsRUsInc: checks 
rairai924: bets $0.15
MuppetsRUsInc: calls $0.15
*** TURN *** [2h Th 9d] [8s]
MuppetsRUsInc: checks 
rairai924: bets $0.37
MuppetsRUsInc: calls $0.37
*** RIVER *** [2h Th 9d 8s] [2s]
MuppetsRUsInc: checks 
rairai924: bets $1.45
MuppetsRUsInc: folds 
Uncalled bet ($1.45) returned to rairai924
rairai924 collected $1.45 from pot
*** SUMMARY ***
Total pot $1.51 | Rake $0.06 
Board [2h Th 9d 8s 2s]
Seat 1: lucifergaia folded before Flop (didn't bet)
Seat 3: rairai924 collected ($1.45)
Seat 4: KOCETO_1992 (button) folded before Flop (didn't bet)
Seat 5: Dorex2007 (small blind) folded before Flop
Seat 6: MuppetsRUsInc (big blind) folded on the River
Seat 7: eclihan folded before Flop (didn't bet)
Seat 8: borussenalex folded before Flop (didn't bet)
Seat 9: WiseWolf71 folded before Flop



PokerStars Hand #238447062509:  Hold'em No Limit ($0.02/$0.05 USD) - 2022/09/05 21:35:33 PT [2022/09/06 0:35:33 ET]
Table 'Goffin II' 9-max Seat #5 is the button
Seat 1: lucifergaia ($5.99 in chips) 
Seat 3: rairai924 ($8.93 in chips) 
Seat 4: KOCETO_1992 ($3.93 in chips) 
Seat 5: Dorex2007 ($5.43 in chips) 
Seat 6: MuppetsRUsInc ($0.94 in chips) 
Seat 8: borussenalex ($7.66 in chips) 
Seat 9: WiseWolf71 ($3.58 in chips) 
MuppetsRUsInc: posts small blind $0.02
eclihan: is sitting out 
borussenalex: posts big blind $0.05
*** HOLE CARDS ***
Dealt to Dorex2007 [Kh 3d]
WiseWolf71: folds 
lucifergaia: raises $0.12 to $0.17
rairai924: folds 
KOCETO_1992: folds 
Dorex2007: folds 
MuppetsRUsInc: folds 
borussenalex: folds 
Uncalled bet ($0.12) returned to lucifergaia
lucifergaia collected $0.12 from pot
lucifergaia: doesn't show hand 
*** SUMMARY ***
Total pot $0.12 | Rake $0 
Seat 1: lucifergaia collected ($0.12)
Seat 3: rairai924 folded before Flop (didn't bet)
Seat 4: KOCETO_1992 folded before Flop (didn't bet)
Seat 5: Dorex2007 (button) folded before Flop (didn't bet)
Seat 6: MuppetsRUsInc (small blind) folded before Flop
Seat 8: borussenalex (big blind) folded before Flop
Seat 9: WiseWolf71 folded before Flop (didn't bet)



PokerStars Hand #238447066190:  Hold'em No Limit ($0.02/$0.05 USD) - 2022/09/05 21:36:06 PT [2022/09/06 0:36:06 ET]
Table 'Goffin II' 9-max Seat #6 is the button
Seat 1: lucifergaia ($6.06 in chips) 
Seat 3: rairai924 ($8.93 in chips) 
Seat 4: KOCETO_1992 ($3.93 in chips) 
Seat 5: Dorex2007 ($5.43 in chips) 
Seat 6: MuppetsRUsInc ($0.92 in chips) 
Seat 8: borussenalex ($7.61 in chips) 
Seat 9: WiseWolf71 ($3.58 in chips) 
borussenalex: posts small blind $0.02
WiseWolf71: posts big blind $0.05
*** HOLE CARDS ***
Dealt to Dorex2007 [Td 7d]
lucifergaia: folds 
eclihan leaves the table
rairai924: folds 
KOCETO_1992: raises $0.07 to $0.12
Dorex2007: folds 
MuppetsRUsInc: raises $0.80 to $0.92 and is all-in
borussenalex: folds 
WiseWolf71: folds 
KOCETO_1992: folds 
Uncalled bet ($0.80) returned to MuppetsRUsInc
MuppetsRUsInc collected $0.31 from pot
*** SUMMARY ***
Total pot $0.31 | Rake $0 
Seat 1: lucifergaia folded before Flop (didn't bet)
Seat 3: rairai924 folded before Flop (didn't bet)
Seat 4: KOCETO_1992 folded before Flop
Seat 5: Dorex2007 folded before Flop (didn't bet)
Seat 6: MuppetsRUsInc (button) collected ($0.31)
Seat 8: borussenalex (small blind) folded before Flop
Seat 9: WiseWolf71 (big blind) folded before Flop



PokerStars Hand #238447070227:  Hold'em No Limit ($0.02/$0.05 USD) - 2022/09/05 21:36:41 PT [2022/09/06 0:36:41 ET]
Table 'Goffin II' 9-max Seat #8 is the button
Seat 1: lucifergaia ($6.06 in chips) 
Seat 3: rairai924 ($8.93 in chips) 
Seat 4: KOCETO_1992 ($3.81 in chips) 
Seat 5: Dorex2007 ($5.43 in chips) 
Seat 6: MuppetsRUsInc ($1.11 in chips) 
Seat 8: borussenalex ($7.59 in chips) 
Seat 9: WiseWolf71 ($3.53 in chips) 
WiseWolf71: posts small blind $0.02
lucifergaia: posts big blind $0.05
*** HOLE CARDS ***
Dealt to Dorex2007 [Qh Ts]
FLASH_RJ joins the table at seat #7 
rairai924: folds 
KOCETO_1992: folds 
Dorex2007: folds 
MuppetsRUsInc: folds 
borussenalex has timed out
borussenalex: folds 
WiseWolf71: folds 
Uncalled bet ($0.03) returned to lucifergaia
lucifergaia collected $0.04 from pot
lucifergaia: doesn't show hand 
*** SUMMARY ***
Total pot $0.04 | Rake $0 
Seat 1: lucifergaia (big blind) collected ($0.04)
Seat 3: rairai924 folded before Flop (didn't bet)
Seat 4: KOCETO_1992 folded before Flop (didn't bet)
Seat 5: Dorex2007 folded before Flop (didn't bet)
Seat 6: MuppetsRUsInc folded before Flop (didn't bet)
Seat 8: borussenalex (button) folded before Flop (didn't bet)
Seat 9: WiseWolf71 (small blind) folded before Flop



PokerStars Hand #238447072889:  Hold'em No Limit ($0.02/$0.05 USD) - 2022/09/05 21:37:05 PT [2022/09/06 0:37:05 ET]
Table 'Goffin II' 9-max Seat #9 is the button
Seat 1: lucifergaia ($6.08 in chips) 
Seat 3: rairai924 ($8.93 in chips) 
Seat 4: KOCETO_1992 ($3.98 in chips) 
Seat 5: Dorex2007 ($5.43 in chips) 
Seat 6: MuppetsRUsInc ($1.11 in chips) 
Seat 7: FLASH_RJ ($5 in chips) 
Seat 8: borussenalex ($7.59 in chips) 
Seat 9: WiseWolf71 ($3.51 in chips) 
lucifergaia: posts small blind $0.02
rairai924: posts big blind $0.05
FLASH_RJ: posts big blind $0.05
*** HOLE CARDS ***
Dealt to Dorex2007 [Jd 2c]
KOCETO_1992: folds 
Dorex2007: folds 
MuppetsRUsInc: folds 
FLASH_RJ: raises $0.05 to $0.10
borussenalex: calls $0.10
WiseWolf71: folds 
lucifergaia: folds 
rairai924: calls $0.05
*** FLOP *** [6s 2d 9s]
rairai924: checks 
FLASH_RJ: checks 
borussenalex: checks 
*** TURN *** [6s 2d 9s] [5s]
rairai924: checks 
FLASH_RJ: checks 
borussenalex: checks 
*** RIVER *** [6s 2d 9s 5s] [9d]
rairai924: checks 
Looby848586 is disconnected 
FLASH_RJ: checks 
borussenalex: checks 
*** SHOW DOWN ***
rairai924: shows [Tc 7h] (a pair of Nines)
FLASH_RJ: shows [Ah 8h] (a pair of Nines - Ace kicker)
borussenalex: mucks hand 
FLASH_RJ collected $0.31 from pot
*** SUMMARY ***
Total pot $0.32 | Rake $0.01 
Board [6s 2d 9s 5s 9d]
Seat 1: lucifergaia (small blind) folded before Flop
Seat 3: rairai924 (big blind) showed [Tc 7h] and lost with a pair of Nines
Seat 4: KOCETO_1992 folded before Flop (didn't bet)
Seat 5: Dorex2007 folded before Flop (didn't bet)
Seat 6: MuppetsRUsInc folded before Flop (didn't bet)
Seat 7: FLASH_RJ showed [Ah 8h] and won ($0.31) with a pair of Nines
Seat 8: borussenalex mucked [Kd 8d]
Seat 9: WiseWolf71 (button) folded before Flop (didn't bet)



PokerStars Hand #238447085388:  Hold'em No Limit ($0.02/$0.05 USD) - 2022/09/05 21:38:57 PT [2022/09/06 0:38:57 ET]
Table 'Goffin II' 9-max Seat #1 is the button
Seat 1: lucifergaia ($6.06 in chips) 
Seat 3: rairai924 ($8.83 in chips) 
Seat 4: KOCETO_1992 ($3.98 in chips) 
Seat 5: Dorex2007 ($5.43 in chips) 
Seat 6: MuppetsRUsInc ($1.11 in chips) 
Seat 7: FLASH_RJ ($5.21 in chips) 
Seat 8: borussenalex ($7.49 in chips) 
Seat 9: WiseWolf71 ($3.51 in chips) 
rairai924: posts small blind $0.02
KOCETO_1992: posts big blind $0.05
*** HOLE CARDS ***
Dealt to Dorex2007 [Ah 8c]
Dorex2007: folds 
MuppetsRUsInc: raises $0.15 to $0.20
FLASH_RJ: folds 
borussenalex: calls $0.20
WiseWolf71: folds 
lucifergaia: folds 
rairai924: folds 
KOCETO_1992: folds 
*** FLOP *** [7s 6d Jh]
MuppetsRUsInc: bets $0.91 and is all-in
borussenalex: calls $0.91
*** TURN *** [7s 6d Jh] [2h]
*** RIVER *** [7s 6d Jh 2h] [4d]
*** SHOW DOWN ***
MuppetsRUsInc: shows [5s 5h] (a pair of Fives)
borussenalex: shows [6s 6h] (three of a kind, Sixes)
borussenalex collected $2.17 from pot
*** SUMMARY ***
Total pot $2.29 | Rake $0.12 
Board [7s 6d Jh 2h 4d]
Seat 1: lucifergaia (button) folded before Flop (didn't bet)
Seat 3: rairai924 (small blind) folded before Flop
Seat 4: KOCETO_1992 (big blind) folded before Flop
Seat 5: Dorex2007 folded before Flop (didn't bet)
Seat 6: MuppetsRUsInc showed [5s 5h] and lost with a pair of Fives
Seat 7: FLASH_RJ folded before Flop (didn't bet)
Seat 8: borussenalex showed [6s 6h] and won ($2.17) with three of a kind, Sixes
Seat 9: WiseWolf71 folded before Flop (didn't bet)



PokerStars Hand #238447090323:  Hold'em No Limit ($0.02/$0.05 USD) - 2022/09/05 21:39:41 PT [2022/09/06 0:39:41 ET]
Table 'Goffin II' 9-max Seat #3 is the button
Seat 1: lucifergaia ($6.06 in chips) 
Seat 3: rairai924 ($8.81 in chips) 
Seat 4: KOCETO_1992 ($3.93 in chips) 
Seat 5: Dorex2007 ($5.43 in chips) 
Seat 7: FLASH_RJ ($5.21 in chips) 
Seat 8: borussenalex ($8.55 in chips) 
Seat 9: WiseWolf71 ($3.51 in chips) 
KOCETO_1992: posts small blind $0.02
Dorex2007: posts big blind $0.05
*** HOLE CARDS ***
Dealt to Dorex2007 [3h 7d]
FLASH_RJ: folds 
MuppetsRUsInc leaves the table
borussenalex: raises $0.12 to $0.17
WiseWolf71: folds 
lucifergaia: folds 
rairai924: folds 
KOCETO_1992: folds 
Dorex2007: folds 
Uncalled bet ($0.12) returned to borussenalex
Jer(11:11)(x) joins the table at seat #6 
borussenalex collected $0.12 from pot
*** SUMMARY ***
Total pot $0.12 | Rake $0 
Seat 1: lucifergaia folded before Flop (didn't bet)
Seat 3: rairai924 (button) folded before Flop (didn't bet)
Seat 4: KOCETO_1992 (small blind) folded before Flop
Seat 5: Dorex2007 (big blind) folded before Flop
Seat 7: FLASH_RJ folded before Flop (didn't bet)
Seat 8: borussenalex collected ($0.12)
Seat 9: WiseWolf71 folded before Flop (didn't bet)



PokerStars Hand #238447092905:  Hold'em No Limit ($0.02/$0.05 USD) - 2022/09/05 21:40:05 PT [2022/09/06 0:40:05 ET]
Table 'Goffin II' 9-max Seat #4 is the button
Seat 1: lucifergaia ($6.06 in chips) 
Seat 3: rairai924 ($8.81 in chips) 
Seat 4: KOCETO_1992 ($3.91 in chips) 
Seat 5: Dorex2007 ($5.38 in chips) 
Seat 6: Jer(11:11)(x) ($5 in chips) 
Seat 7: FLASH_RJ ($5.21 in chips) 
Seat 8: borussenalex ($8.62 in chips) 
Seat 9: WiseWolf71 ($3.51 in chips) 
Dorex2007: posts small blind $0.02
Jer(11:11)(x): posts big blind $0.05
*** HOLE CARDS ***
Dealt to Dorex2007 [Td Qd]
FLASH_RJ: folds 
borussenalex: folds 
WiseWolf71: raises $0.05 to $0.10
lucifergaia: folds 
rairai924: raises $0.05 to $0.15
KOCETO_1992: folds 
Dorex2007: folds 
Jer(11:11)(x): calls $0.10
WiseWolf71: calls $0.05
*** FLOP *** [8c 7d 2s]
Jer(11:11)(x): checks 
WiseWolf71: checks 
rairai924: checks 
*** TURN *** [8c 7d 2s] [2d]
Jer(11:11)(x): checks 
WiseWolf71: checks 
rairai924: bets $0.22
Jer(11:11)(x): folds 
WiseWolf71: folds 
Uncalled bet ($0.22) returned to rairai924
rairai924 collected $0.45 from pot
*** SUMMARY ***
Total pot $0.47 | Rake $0.02 
Board [8c 7d 2s 2d]
Seat 1: lucifergaia folded before Flop (didn't bet)
Seat 3: rairai924 collected ($0.45)
Seat 4: KOCETO_1992 (button) folded before Flop (didn't bet)
Seat 5: Dorex2007 (small blind) folded before Flop
Seat 6: Jer(11:11)(x) (big blind) folded on the Turn
Seat 7: FLASH_RJ folded before Flop (didn't bet)
Seat 8: borussenalex folded before Flop (didn't bet)
Seat 9: WiseWolf71 folded on the Turn



PokerStars Hand #238447101449:  Hold'em No Limit ($0.02/$0.05 USD) - 2022/09/05 21:41:22 PT [2022/09/06 0:41:22 ET]
Table 'Goffin II' 9-max Seat #5 is the button
Seat 1: lucifergaia ($6.06 in chips) 
Seat 2: Looby848586 ($2 in chips) 
Seat 3: rairai924 ($9.11 in chips) 
Seat 4: KOCETO_1992 ($3.91 in chips) 
Seat 5: Dorex2007 ($5.36 in chips) 
Seat 6: Jer(11:11)(x) ($4.85 in chips) 
Seat 7: FLASH_RJ ($5.21 in chips) 
Seat 8: borussenalex ($8.62 in chips) 
Seat 9: WiseWolf71 ($3.36 in chips) 
Jer(11:11)(x): posts small blind $0.02
FLASH_RJ: posts big blind $0.05
Looby848586: posts small & big blinds $0.07
*** HOLE CARDS ***
Dealt to Dorex2007 [Th 6s]
borussenalex: folds 
WiseWolf71: calls $0.05
lucifergaia: folds 
Looby848586: raises $1.93 to $1.98 and is all-in
rairai924: folds 
KOCETO_1992: folds 
Dorex2007: folds 
Jer(11:11)(x): folds 
FLASH_RJ: folds 
WiseWolf71: folds 
Uncalled bet ($1.93) returned to Looby848586
Looby848586 collected $0.19 from pot
*** SUMMARY ***
Total pot $0.19 | Rake $0 
Seat 1: lucifergaia folded before Flop (didn't bet)
Seat 2: Looby848586 collected ($0.19)
Seat 3: rairai924 folded before Flop (didn't bet)
Seat 4: KOCETO_1992 folded before Flop (didn't bet)
Seat 5: Dorex2007 (button) folded before Flop (didn't bet)
Seat 6: Jer(11:11)(x) (small blind) folded before Flop
Seat 7: FLASH_RJ (big blind) folded before Flop
Seat 8: borussenalex folded before Flop (didn't bet)
Seat 9: WiseWolf71 folded before Flop



PokerStars Hand #238447105792:  Hold'em No Limit ($0.02/$0.05 USD) - 2022/09/05 21:42:01 PT [2022/09/06 0:42:01 ET]
Table 'Goffin II' 9-max Seat #6 is the button
Seat 1: lucifergaia ($6.06 in chips) 
Seat 2: Looby848586 ($2.12 in chips) 
Seat 3: rairai924 ($9.11 in chips) 
Seat 4: KOCETO_1992 ($3.91 in chips) 
Seat 5: Dorex2007 ($5.36 in chips) 
Seat 6: Jer(11:11)(x) ($4.83 in chips) 
Seat 7: FLASH_RJ ($5.16 in chips) 
Seat 8: borussenalex ($8.62 in chips) 
Seat 9: WiseWolf71 ($3.31 in chips) 
FLASH_RJ: posts small blind $0.02
borussenalex: posts big blind $0.05
*** HOLE CARDS ***
Dealt to Dorex2007 [9d 4d]
WiseWolf71: folds 
lucifergaia: folds 
Looby848586: raises $0.85 to $0.90
rairai924: folds 
KOCETO_1992: folds 
Dorex2007: folds 
Jer(11:11)(x): folds 
FLASH_RJ: raises $0.85 to $1.75
borussenalex: folds 
Looby848586: calls $0.85
*** FLOP *** [7s 3s 3h]
FLASH_RJ: checks 
Looby848586: checks 
*** TURN *** [7s 3s 3h] [7d]
FLASH_RJ: checks 
Looby848586: checks 
*** RIVER *** [7s 3s 3h 7d] [5c]
FLASH_RJ: bets $0.05
Looby848586: calls $0.05
*** SHOW DOWN ***
FLASH_RJ: shows [Jc Ac] (two pair, Sevens and Threes)
Looby848586: shows [As 9c] (two pair, Sevens and Threes)
FLASH_RJ collected $1.75 from pot
Looby848586 collected $1.75 from pot
*** SUMMARY ***
Total pot $3.65 | Rake $0.15 
Board [7s 3s 3h 7d 5c]
Seat 1: lucifergaia folded before Flop (didn't bet)
Seat 2: Looby848586 showed [As 9c] and won ($1.75) with two pair, Sevens and Threes
Seat 3: rairai924 folded before Flop (didn't bet)
Seat 4: KOCETO_1992 folded before Flop (didn't bet)
Seat 5: Dorex2007 folded before Flop (didn't bet)
Seat 6: Jer(11:11)(x) (button) folded before Flop (didn't bet)
Seat 7: FLASH_RJ (small blind) showed [Jc Ac] and won ($1.75) with two pair, Sevens and Threes
Seat 8: borussenalex (big blind) folded before Flop
Seat 9: WiseWolf71 folded before Flop (didn't bet)



PokerStars Hand #238447110132:  Hold'em No Limit ($0.02/$0.05 USD) - 2022/09/05 21:42:40 PT [2022/09/06 0:42:40 ET]
Table 'Goffin II' 9-max Seat #7 is the button
Seat 1: lucifergaia ($6.06 in chips) 
Seat 2: Looby848586 ($2.07 in chips) 
Seat 3: rairai924 ($9.11 in chips) 
Seat 4: KOCETO_1992 ($3.91 in chips) 
Seat 5: Dorex2007 ($5.36 in chips) 
Seat 6: Jer(11:11)(x) ($4.83 in chips) 
Seat 7: FLASH_RJ ($5.11 in chips) 
Seat 8: borussenalex ($8.57 in chips) 
borussenalex: posts small blind $0.02
WiseWolf71: is sitting out 
lucifergaia: posts big blind $0.05
*** HOLE CARDS ***
Dealt to Dorex2007 [3d Kc]
Looby848586: calls $0.05
WiseWolf71 leaves the table
Templar85 joins the table at seat #9 
rairai924 has timed out
rairai924: folds 
KOCETO_1992: folds 
Dorex2007: folds 
Jer(11:11)(x): folds 
FLASH_RJ: folds 
borussenalex: folds 
lucifergaia: checks 
*** FLOP *** [9s Jd Td]
lucifergaia: checks 
Looby848586: bets $0.05
lucifergaia: folds 
Uncalled bet ($0.05) returned to Looby848586
Looby848586 collected $0.12 from pot
*** SUMMARY ***
Total pot $0.12 | Rake $0 
Board [9s Jd Td]
Seat 1: lucifergaia (big blind) folded on the Flop
Seat 2: Looby848586 collected ($0.12)
Seat 3: rairai924 folded before Flop (didn't bet)
Seat 4: KOCETO_1992 folded before Flop (didn't bet)
Seat 5: Dorex2007 folded before Flop (didn't bet)
Seat 6: Jer(11:11)(x) folded before Flop (didn't bet)
Seat 7: FLASH_RJ (button) folded before Flop (didn't bet)
Seat 8: borussenalex (small blind) folded before Flop



PokerStars Hand #238447116059:  Hold'em No Limit ($0.02/$0.05 USD) - 2022/09/05 21:43:33 PT [2022/09/06 0:43:33 ET]
Table 'Goffin II' 9-max Seat #8 is the button
Seat 1: lucifergaia ($6.01 in chips) 
Seat 2: Looby848586 ($2.14 in chips) 
Seat 3: rairai924 ($9.11 in chips) 
Seat 4: KOCETO_1992 ($3.91 in chips) 
Seat 5: Dorex2007 ($5.36 in chips) 
Seat 6: Jer(11:11)(x) ($4.83 in chips) 
Seat 7: FLASH_RJ ($5.11 in chips) 
Seat 8: borussenalex ($8.55 in chips) 
lucifergaia: posts small blind $0.02
Looby848586: posts big blind $0.05
*** HOLE CARDS ***
Dealt to Dorex2007 [5h 9d]
rairai924: folds 
KOCETO_1992: folds 
Dorex2007: folds 
Jer(11:11)(x): calls $0.05
FLASH_RJ: folds 
borussenalex: calls $0.05
lucifergaia: folds 
Looby848586: raises $0.05 to $0.10
Jer(11:11)(x): calls $0.05
borussenalex: calls $0.05
*** FLOP *** [3d 2c Jc]
Looby848586: bets $0.05
Jer(11:11)(x): calls $0.05
borussenalex: folds 
*** TURN *** [3d 2c Jc] [4d]
Looby848586: bets $0.05
Jer(11:11)(x): calls $0.05
*** RIVER *** [3d 2c Jc 4d] [2h]
Looby848586: checks 
Jer(11:11)(x): checks 
*** SHOW DOWN ***
Looby848586: shows [2s Ac] (three of a kind, Deuces)
Jer(11:11)(x): mucks hand 
Looby848586 collected $0.50 from pot
*** SUMMARY ***
Total pot $0.52 | Rake $0.02 
Board [3d 2c Jc 4d 2h]
Seat 1: lucifergaia (small blind) folded before Flop
Seat 2: Looby848586 (big blind) showed [2s Ac] and won ($0.50) with three of a kind, Deuces
Seat 3: rairai924 folded before Flop (didn't bet)
Seat 4: KOCETO_1992 folded before Flop (didn't bet)
Seat 5: Dorex2007 folded before Flop (didn't bet)
Seat 6: Jer(11:11)(x) mucked [Kc Ah]
Seat 7: FLASH_RJ folded before Flop (didn't bet)
Seat 8: borussenalex (button) folded on the Flop



PokerStars Hand #238447123490:  Hold'em No Limit ($0.02/$0.05 USD) - 2022/09/05 21:44:39 PT [2022/09/06 0:44:39 ET]
Table 'Goffin II' 9-max Seat #1 is the button
Seat 1: lucifergaia ($5.99 in chips) 
Seat 2: Looby848586 ($2.44 in chips) 
Seat 3: rairai924 ($9.11 in chips) 
Seat 4: KOCETO_1992 ($3.91 in chips) 
Seat 5: Dorex2007 ($5.36 in chips) 
Seat 6: Jer(11:11)(x) ($4.63 in chips) 
Seat 7: FLASH_RJ ($5.11 in chips) 
Seat 8: borussenalex ($8.45 in chips) 
Looby848586: posts small blind $0.02
rairai924: posts big blind $0.05
Templar85: sits out 
*** HOLE CARDS ***
Dealt to Dorex2007 [4d 9h]
KOCETO_1992: raises $0.07 to $0.12
Dorex2007: folds 
Jer(11:11)(x): calls $0.12
FLASH_RJ: calls $0.12
borussenalex: calls $0.12
lucifergaia: folds 
Looby848586: raises $0.72 to $0.84
rairai924: folds 
KOCETO_1992: folds 
Jer(11:11)(x): calls $0.72
FLASH_RJ: folds 
borussenalex: calls $0.72
*** FLOP *** [Td Th Kc]
Looby848586: bets $0.05
Jer(11:11)(x): raises $0.90 to $0.95
borussenalex: folds 
Looby848586: raises $0.65 to $1.60 and is all-in
Jer(11:11)(x): calls $0.65
*** TURN *** [Td Th Kc] [Qs]
*** RIVER *** [Td Th Kc Qs] [8h]
*** SHOW DOWN ***
Looby848586: shows [Kh Qc] (two pair, Kings and Queens)
Jer(11:11)(x): shows [As Ks] (two pair, Kings and Tens)
Looby848586 collected $5.76 from pot
*** SUMMARY ***
Total pot $6.01 | Rake $0.25 
Board [Td Th Kc Qs 8h]
Seat 1: lucifergaia (button) folded before Flop (didn't bet)
Seat 2: Looby848586 (small blind) showed [Kh Qc] and won ($5.76) with two pair, Kings and Queens
Seat 3: rairai924 (big blind) folded before Flop
Seat 4: KOCETO_1992 folded before Flop
Seat 5: Dorex2007 folded before Flop (didn't bet)
Seat 6: Jer(11:11)(x) showed [As Ks] and lost with two pair, Kings and Tens
Seat 7: FLASH_RJ folded before Flop
Seat 8: borussenalex folded on the Flop



PokerStars Hand #238447135227:  Hold'em No Limit ($0.02/$0.05 USD) - 2022/09/05 21:46:25 PT [2022/09/06 0:46:25 ET]
Table 'Goffin II' 9-max Seat #2 is the button
Seat 1: lucifergaia ($5.99 in chips) 
Seat 2: Looby848586 ($5.76 in chips) 
Seat 3: rairai924 ($9.06 in chips) 
Seat 4: KOCETO_1992 ($4 in chips) 
Seat 5: Dorex2007 ($5.36 in chips) 
Seat 6: Jer(11:11)(x) ($2.19 in chips) 
Seat 7: FLASH_RJ ($4.99 in chips) 
Seat 8: borussenalex ($7.61 in chips) 
rairai924: posts small blind $0.02
KOCETO_1992: posts big blind $0.05
Templar85: sits out 
*** HOLE CARDS ***
Dealt to Dorex2007 [Tc Qd]
Dorex2007: folds 
Jer(11:11)(x): calls $0.05
FLASH_RJ: calls $0.05
borussenalex has timed out
borussenalex: folds 
lucifergaia: folds 
Looby848586 has timed out
Looby848586: folds 
rairai924: calls $0.03
KOCETO_1992: checks 
*** FLOP *** [9s 4c 6c]
rairai924: checks 
KOCETO_1992: checks 
Jer(11:11)(x): checks 
FLASH_RJ: bets $0.19
rairai924: folds 
KOCETO_1992: folds 
Jer(11:11)(x): folds 
Uncalled bet ($0.19) returned to FLASH_RJ
FLASH_RJ collected $0.19 from pot
FLASH_RJ: doesn't show hand 
*** SUMMARY ***
Total pot $0.20 | Rake $0.01 
Board [9s 4c 6c]
Seat 1: lucifergaia folded before Flop (didn't bet)
Seat 2: Looby848586 (button) folded before Flop (didn't bet)
Seat 3: rairai924 (small blind) folded on the Flop
Seat 4: KOCETO_1992 (big blind) folded on the Flop
Seat 5: Dorex2007 folded before Flop (didn't bet)
Seat 6: Jer(11:11)(x) folded on the Flop
Seat 7: FLASH_RJ collected ($0.19)
Seat 8: borussenalex folded before Flop (didn't bet)



PokerStars Hand #238447144617:  Hold'em No Limit ($0.02/$0.05 USD) - 2022/09/05 21:47:51 PT [2022/09/06 0:47:51 ET]
Table 'Goffin II' 9-max Seat #3 is the button
Seat 1: lucifergaia ($5.99 in chips) 
Seat 2: Looby848586 ($5.76 in chips) 
Seat 3: rairai924 ($9.01 in chips) 
Seat 4: KOCETO_1992 ($3.95 in chips) 
Seat 5: Dorex2007 ($5.36 in chips) 
Seat 6: Jer(11:11)(x) ($2.14 in chips) 
Seat 7: FLASH_RJ ($5.13 in chips) 
Seat 8: borussenalex ($7.61 in chips) 
KOCETO_1992: posts small blind $0.02
Dorex2007: posts big blind $0.05
Templar85: sits out 
*** HOLE CARDS ***
Dealt to Dorex2007 [Qd Jh]
Jer(11:11)(x): folds 
FLASH_RJ: calls $0.05
borussenalex: folds 
lucifergaia: folds 
Looby848586: raises $0.05 to $0.10
rairai924: folds 
KOCETO_1992: calls $0.08
Dorex2007: calls $0.05
FLASH_RJ: calls $0.05
*** FLOP *** [Ts Jd 4c]
KOCETO_1992: checks 
Dorex2007: bets $0.25
FLASH_RJ: calls $0.25
Looby848586: raises $0.25 to $0.50
KOCETO_1992: folds 
Dorex2007: calls $0.25
FLASH_RJ: calls $0.25
*** TURN *** [Ts Jd 4c] [5c]
Dorex2007: checks 
FLASH_RJ: checks 
Looby848586: checks 
*** RIVER *** [Ts Jd 4c 5c] [7s]
Dorex2007: checks 
FLASH_RJ: checks 
Looby848586: bets $0.05
Dorex2007: calls $0.05
FLASH_RJ: folds 
*** SHOW DOWN ***
Looby848586: shows [5s 8s] (a pair of Fives)
Dorex2007: shows [Qd Jh] (a pair of Jacks)
Dorex2007 collected $1.92 from pot
*** SUMMARY ***
Total pot $2 | Rake $0.08 
Board [Ts Jd 4c 5c 7s]
Seat 1: lucifergaia folded before Flop (didn't bet)
Seat 2: Looby848586 showed [5s 8s] and lost with a pair of Fives
Seat 3: rairai924 (button) folded before Flop (didn't bet)
Seat 4: KOCETO_1992 (small blind) folded on the Flop
Seat 5: Dorex2007 (big blind) showed [Qd Jh] and won ($1.92) with a pair of Jacks
Seat 6: Jer(11:11)(x) folded before Flop (didn't bet)
Seat 7: FLASH_RJ folded on the River
Seat 8: borussenalex folded before Flop (didn't bet)



PokerStars Hand #238447154593:  Hold'em No Limit ($0.02/$0.05 USD) - 2022/09/05 21:49:22 PT [2022/09/06 0:49:22 ET]
Table 'Goffin II' 9-max Seat #4 is the button
Seat 1: lucifergaia ($5.99 in chips) 
Seat 2: Looby848586 ($5.11 in chips) 
Seat 3: rairai924 ($9.01 in chips) 
Seat 4: KOCETO_1992 ($3.85 in chips) 
Seat 5: Dorex2007 ($6.63 in chips) 
Seat 6: Jer(11:11)(x) ($2.14 in chips) 
Seat 7: FLASH_RJ ($4.53 in chips) 
Seat 8: borussenalex ($7.61 in chips) 
Dorex2007: posts small blind $0.02
Jer(11:11)(x): posts big blind $0.05
Templar85: sits out 
*** HOLE CARDS ***
Dealt to Dorex2007 [9d Td]
FLASH_RJ: calls $0.05
borussenalex: calls $0.05
lucifergaia: folds 
Looby848586: raises $0.35 to $0.40
rairai924: calls $0.40
KOCETO_1992: folds 
Dorex2007: folds 
Jer(11:11)(x): folds 
FLASH_RJ: calls $0.35
borussenalex: calls $0.35
*** FLOP *** [8d Ad 8s]
FLASH_RJ: checks 
borussenalex: checks 
Looby848586 has timed out
Looby848586: checks 
rairai924: bets $0.30
FLASH_RJ: folds 
borussenalex: folds 
Looby848586: raises $0.30 to $0.60
rairai924: calls $0.30
*** TURN *** [8d Ad 8s] [8c]
Looby848586: bets $0.05
rairai924: calls $0.05
*** RIVER *** [8d Ad 8s 8c] [6s]
Looby848586: bets $0.05
rairai924: calls $0.05
*** SHOW DOWN ***
Looby848586: shows [Th 9h] (three of a kind, Eights)
rairai924: shows [5h Ah] (a full house, Eights full of Aces)
rairai924 collected $2.94 from pot
*** SUMMARY ***
Total pot $3.07 | Rake $0.13 
Board [8d Ad 8s 8c 6s]
Seat 1: lucifergaia folded before Flop (didn't bet)
Seat 2: Looby848586 showed [Th 9h] and lost with three of a kind, Eights
Seat 3: rairai924 showed [5h Ah] and won ($2.94) with a full house, Eights full of Aces
Seat 4: KOCETO_1992 (button) folded before Flop (didn't bet)
Seat 5: Dorex2007 (small blind) folded before Flop
Seat 6: Jer(11:11)(x) (big blind) folded before Flop
Seat 7: FLASH_RJ folded on the Flop
Seat 8: borussenalex folded on the Flop



PokerStars Hand #238447166975:  Hold'em No Limit ($0.02/$0.05 USD) - 2022/09/05 21:51:16 PT [2022/09/06 0:51:16 ET]
Table 'Goffin II' 9-max Seat #5 is the button
Seat 1: lucifergaia ($5.99 in chips) 
Seat 2: Looby848586 ($4.01 in chips) 
Seat 3: rairai924 ($10.85 in chips) 
Seat 4: KOCETO_1992 ($3.85 in chips) 
Seat 5: Dorex2007 ($6.61 in chips) 
Seat 6: Jer(11:11)(x) ($2.09 in chips) 
Seat 7: FLASH_RJ ($4.13 in chips) 
Seat 8: borussenalex ($7.21 in chips) 
Jer(11:11)(x): posts small blind $0.02
FLASH_RJ: posts big blind $0.05
Templar85: sits out 
*** HOLE CARDS ***
Dealt to Dorex2007 [Th Ac]
borussenalex: calls $0.05
lucifergaia: folds 
Looby848586: raises $0.10 to $0.15
rairai924: folds 
KOCETO_1992: folds 
Dorex2007: calls $0.15
Jer(11:11)(x): calls $0.13
FLASH_RJ: folds 
borussenalex: calls $0.10
*** FLOP *** [2c Jc 4s]
Jer(11:11)(x): checks 
borussenalex: checks 
Looby848586: bets $0.05
Dorex2007: calls $0.05
Jer(11:11)(x): raises $0.10 to $0.15
borussenalex: raises $1.02 to $1.17
Looby848586: raises $1.02 to $2.19
Dorex2007: folds 
Jer(11:11)(x): calls $1.79 and is all-in
borussenalex: raises $4.87 to $7.06 and is all-in
Looby848586: calls $1.67 and is all-in
Uncalled bet ($3.20) returned to borussenalex
*** TURN *** [2c Jc 4s] [7h]
*** RIVER *** [2c Jc 4s 7h] [3s]
*** SHOW DOWN ***
borussenalex: shows [Js Ad] (a pair of Jacks)
Looby848586: shows [7d 2s] (two pair, Sevens and Deuces)
Looby848586 collected $3.68 from side pot
Jer(11:11)(x): shows [Ts Jd] (a pair of Jacks)
Looby848586 collected $6.25 from main pot
*** SUMMARY ***
Total pot $10.36 Main pot $6.25. Side pot $3.68. | Rake $0.43 
Board [2c Jc 4s 7h 3s]
Seat 1: lucifergaia folded before Flop (didn't bet)
Seat 2: Looby848586 showed [7d 2s] and won ($9.93) with two pair, Sevens and Deuces
Seat 3: rairai924 folded before Flop (didn't bet)
Seat 4: KOCETO_1992 folded before Flop (didn't bet)
Seat 5: Dorex2007 (button) folded on the Flop
Seat 6: Jer(11:11)(x) (small blind) showed [Ts Jd] and lost with a pair of Jacks
Seat 7: FLASH_RJ (big blind) folded before Flop
Seat 8: borussenalex showed [Js Ad] and lost with a pair of Jacks



PokerStars Hand #238447178168:  Hold'em No Limit ($0.02/$0.05 USD) - 2022/09/05 21:52:59 PT [2022/09/06 0:52:59 ET]
Table 'Goffin II' 9-max Seat #7 is the button
Seat 2: Looby848586 ($9.93 in chips) 
Seat 3: rairai924 ($10.85 in chips) 
Seat 4: KOCETO_1992 ($3.85 in chips) 
Seat 5: Dorex2007 ($6.41 in chips) 
Seat 7: FLASH_RJ ($4.08 in chips) 
Seat 8: borussenalex ($3.20 in chips) 
Seat 9: Templar85 ($5.07 in chips) 
borussenalex: posts small blind $0.02
Templar85: posts big blind $0.05
*** HOLE CARDS ***
Dealt to Dorex2007 [8d Kh]
Looby848586: raises $0.20 to $0.25
rairai924: folds 
KOCETO_1992: folds 
Dorex2007: folds 
FLASH_RJ: folds 
Jer(11:11)(x) leaves the table
borussenalex: raises $0.55 to $0.80
Templar85: folds 
Looby848586: raises $0.55 to $1.35
borussenalex: raises $1.85 to $3.20 and is all-in
Looby848586: calls $1.85
*** FLOP *** [Ts 9d 2c]
ric67 joins the table at seat #6 
*** TURN *** [Ts 9d 2c] [9c]
*** RIVER *** [Ts 9d 2c 9c] [4c]
*** SHOW DOWN ***
borussenalex: shows [Qh Qc] (two pair, Queens and Nines)
Looby848586: shows [3d Th] (two pair, Tens and Nines)
borussenalex collected $6.11 from pot
*** SUMMARY ***
Total pot $6.45 | Rake $0.34 
Board [Ts 9d 2c 9c 4c]
Seat 2: Looby848586 showed [3d Th] and lost with two pair, Tens and Nines
Seat 3: rairai924 folded before Flop (didn't bet)
Seat 4: KOCETO_1992 folded before Flop (didn't bet)
Seat 5: Dorex2007 folded before Flop (didn't bet)
Seat 7: FLASH_RJ (button) folded before Flop (didn't bet)
Seat 8: borussenalex (small blind) showed [Qh Qc] and won ($6.11) with two pair, Queens and Nines
Seat 9: Templar85 (big blind) folded before Flop



PokerStars Hand #238447183904:  Hold'em No Limit ($0.02/$0.05 USD) - 2022/09/05 21:53:53 PT [2022/09/06 0:53:53 ET]
Table 'Goffin II' 9-max Seat #8 is the button
Seat 2: Looby848586 ($6.73 in chips) 
Seat 3: rairai924 ($10.85 in chips) 
Seat 4: KOCETO_1992 ($3.85 in chips) 
Seat 5: Dorex2007 ($6.41 in chips) 
Seat 6: ric67 ($5 in chips) 
Seat 7: FLASH_RJ ($4.08 in chips) 
Seat 8: borussenalex ($6.11 in chips) 
Seat 9: Templar85 ($5.02 in chips) 
Templar85: posts small blind $0.02
Looby848586: posts big blind $0.05
ric67: posts big blind $0.05
*** HOLE CARDS ***
Dealt to Dorex2007 [8d 5s]
rairai924: folds 
KOCETO_1992: raises $0.12 to $0.17
Dorex2007: folds 
ric67: folds 
FLASH_RJ: folds 
borussenalex: calls $0.17
Templar85: folds 
Looby848586: calls $0.12
*** FLOP *** [2h 5h Th]
Looby848586: checks 
KOCETO_1992: checks 
borussenalex: checks 
*** TURN *** [2h 5h Th] [Jc]
Looby848586: checks 
KOCETO_1992: bets $0.17
borussenalex: calls $0.17
Looby848586: calls $0.17
*** RIVER *** [2h 5h Th Jc] [5d]
Looby848586: checks 
KOCETO_1992: checks 
borussenalex: checks 
*** SHOW DOWN ***
Looby848586: shows [5c 7s] (three of a kind, Fives)
KOCETO_1992: mucks hand 
borussenalex: mucks hand 
Looby848586 collected $1.04 from pot
*** SUMMARY ***
Total pot $1.09 | Rake $0.05 
Board [2h 5h Th Jc 5d]
Seat 2: Looby848586 (big blind) showed [5c 7s] and won ($1.04) with three of a kind, Fives
Seat 3: rairai924 folded before Flop (didn't bet)
Seat 4: KOCETO_1992 mucked [Kd Jd]
Seat 5: Dorex2007 folded before Flop (didn't bet)
Seat 6: ric67 folded before Flop (didn't bet)
Seat 7: FLASH_RJ folded before Flop (didn't bet)
Seat 8: borussenalex (button) mucked [Qc Kh]
Seat 9: Templar85 (small blind) folded before Flop



PokerStars Hand #238447191246:  Hold'em No Limit ($0.02/$0.05 USD) - 2022/09/05 21:55:01 PT [2022/09/06 0:55:01 ET]
Table 'Goffin II' 9-max Seat #9 is the button
Seat 2: Looby848586 ($7.43 in chips) 
Seat 3: rairai924 ($10.85 in chips) 
Seat 4: KOCETO_1992 ($3.51 in chips) 
Seat 5: Dorex2007 ($6.41 in chips) 
Seat 6: ric67 ($4.95 in chips) 
Seat 7: FLASH_RJ ($4.08 in chips) 
Seat 8: borussenalex ($5.77 in chips) 
Seat 9: Templar85 ($5 in chips) 
Looby848586: posts small blind $0.02
rairai924: posts big blind $0.05
*** HOLE CARDS ***
Dealt to Dorex2007 [4s Jc]
KOCETO_1992: folds 
Dorex2007: folds 
ric67: raises $0.10 to $0.15
FLASH_RJ: calls $0.15
borussenalex: calls $0.15
Templar85: folds 
Looby848586: raises $0.10 to $0.25
rairai924: folds 
ric67: calls $0.10
FLASH_RJ: calls $0.10
borussenalex: calls $0.10
*** FLOP *** [Tc Qd Ks]
Looby848586: bets $0.05
ric67: raises $0.56 to $0.61
FLASH_RJ: raises $0.56 to $1.17
borussenalex: folds 
Looby848586: raises $0.56 to $1.73
ric67: folds 
FLASH_RJ: calls $0.56
*** TURN *** [Tc Qd Ks] [5d]
Looby848586: bets $0.05
FLASH_RJ: raises $0.05 to $0.10
Looby848586: raises $0.05 to $0.15
FLASH_RJ: raises $0.05 to $0.20
Looby848586: raises $0.05 to $0.25
FLASH_RJ: raises $1.85 to $2.10 and is all-in
Looby848586: calls $1.85
*** RIVER *** [Tc Qd Ks 5d] [8s]
*** SHOW DOWN ***
Looby848586: shows [3c Qs] (a pair of Queens)
FLASH_RJ: shows [Kc Th] (two pair, Kings and Tens)
FLASH_RJ collected $8.93 from pot
*** SUMMARY ***
Total pot $9.32 | Rake $0.39 
Board [Tc Qd Ks 5d 8s]
Seat 2: Looby848586 (small blind) showed [3c Qs] and lost with a pair of Queens
Seat 3: rairai924 (big blind) folded before Flop
Seat 4: KOCETO_1992 folded before Flop (didn't bet)
Seat 5: Dorex2007 folded before Flop (didn't bet)
Seat 6: ric67 folded on the Flop
Seat 7: FLASH_RJ showed [Kc Th] and won ($8.93) with two pair, Kings and Tens
Seat 8: borussenalex folded on the Flop
Seat 9: Templar85 (button) folded before Flop (didn't bet)



PokerStars Hand #238447199118:  Hold'em No Limit ($0.02/$0.05 USD) - 2022/09/05 21:56:21 PT [2022/09/06 0:56:21 ET]
Table 'Goffin II' 9-max Seat #2 is the button
Seat 2: Looby848586 ($3.35 in chips) 
Seat 3: rairai924 ($10.80 in chips) 
Seat 4: KOCETO_1992 ($4 in chips) 
Seat 5: Dorex2007 ($6.41 in chips) 
Seat 6: ric67 ($4.09 in chips) 
Seat 7: FLASH_RJ ($8.93 in chips) 
Seat 8: borussenalex ($5.52 in chips) 
Seat 9: Templar85 ($5 in chips) 
rairai924: posts small blind $0.02
KOCETO_1992: posts big blind $0.05
*** HOLE CARDS ***
Dealt to Dorex2007 [2c Qs]
Dorex2007: folds 
ric67: raises $0.10 to $0.15
FLASH_RJ: calls $0.15
borussenalex: folds 
Templar85: folds 
Looby848586: raises $0.10 to $0.25
rairai924: folds 
KOCETO_1992: folds 
ric67: calls $0.10
FLASH_RJ: calls $0.10
*** FLOP *** [9c 5h 8d]
ric67: checks 
FLASH_RJ: checks 
Looby848586: bets $0.05
ric67: calls $0.05
FLASH_RJ: calls $0.05
*** TURN *** [9c 5h 8d] [5s]
ric67: checks 
FLASH_RJ: checks 
Looby848586: bets $0.05
ric67: calls $0.05
FLASH_RJ: calls $0.05
*** RIVER *** [9c 5h 8d 5s] [4s]
ric67: checks 
FLASH_RJ: checks 
Looby848586: bets $0.05
ric67: folds 
FLASH_RJ: calls $0.05
*** SHOW DOWN ***
Looby848586: shows [9h 7h] (two pair, Nines and Fives)
FLASH_RJ: mucks hand 
Looby848586 collected $1.17 from pot
*** SUMMARY ***
Total pot $1.22 | Rake $0.05 
Board [9c 5h 8d 5s 4s]
Seat 2: Looby848586 (button) showed [9h 7h] and won ($1.17) with two pair, Nines and Fives
Seat 3: rairai924 (small blind) folded before Flop
Seat 4: KOCETO_1992 (big blind) folded before Flop
Seat 5: Dorex2007 folded before Flop (didn't bet)
Seat 6: ric67 folded on the River
Seat 7: FLASH_RJ mucked [Kh Ac]
Seat 8: borussenalex folded before Flop (didn't bet)
Seat 9: Templar85 folded before Flop (didn't bet)



PokerStars Hand #238447205194:  Hold'em No Limit ($0.02/$0.05 USD) - 2022/09/05 21:57:25 PT [2022/09/06 0:57:25 ET]
Table 'Goffin II' 9-max Seat #3 is the button
Seat 2: Looby848586 ($4.12 in chips) 
Seat 3: rairai924 ($10.78 in chips) 
Seat 4: KOCETO_1992 ($3.95 in chips) 
Seat 5: Dorex2007 ($6.41 in chips) 
Seat 6: ric67 ($3.74 in chips) 
Seat 7: FLASH_RJ ($8.53 in chips) 
Seat 8: borussenalex ($5.52 in chips) 
Seat 9: Templar85 ($5 in chips) 
KOCETO_1992: posts small blind $0.02
Dorex2007: posts big blind $0.05
lucifergaia: sits out 
*** HOLE CARDS ***
Dealt to Dorex2007 [Js Jh]
ric67: folds 
FLASH_RJ: folds 
borussenalex: folds 
Templar85: folds 
Looby848586: raises $0.05 to $0.10
rairai924: folds 
KOCETO_1992: calls $0.08
Dorex2007: calls $0.05
*** FLOP *** [9s As 6c]
KOCETO_1992: checks 
Dorex2007: checks 
Looby848586: bets $4.02 and is all-in
KOCETO_1992: folds 
Dorex2007: folds 
Uncalled bet ($4.02) returned to Looby848586
Looby848586 collected $0.29 from pot
*** SUMMARY ***
Total pot $0.30 | Rake $0.01 
Board [9s As 6c]
Seat 2: Looby848586 collected ($0.29)
Seat 3: rairai924 (button) folded before Flop (didn't bet)
Seat 4: KOCETO_1992 (small blind) folded on the Flop
Seat 5: Dorex2007 (big blind) folded on the Flop
Seat 6: ric67 folded before Flop (didn't bet)
Seat 7: FLASH_RJ folded before Flop (didn't bet)
Seat 8: borussenalex folded before Flop (didn't bet)
Seat 9: Templar85 folded before Flop (didn't bet)



PokerStars Hand #238447209317:  Hold'em No Limit ($0.02/$0.05 USD) - 2022/09/05 21:58:09 PT [2022/09/06 0:58:09 ET]
Table 'Goffin II' 9-max Seat #4 is the button
Seat 2: Looby848586 ($4.31 in chips) 
Seat 3: rairai924 ($10.78 in chips) 
Seat 4: KOCETO_1992 ($3.85 in chips) 
Seat 5: Dorex2007 ($6.31 in chips) 
Seat 6: ric67 ($3.74 in chips) 
Seat 7: FLASH_RJ ($8.53 in chips) 
Seat 8: borussenalex ($5.52 in chips) 
Seat 9: Templar85 ($5 in chips) 
Dorex2007: posts small blind $0.02
ric67: posts big blind $0.05
lucifergaia: sits out 
*** HOLE CARDS ***
Dealt to Dorex2007 [5d 2c]
FLASH_RJ: calls $0.05
borussenalex: folds 
Templar85: calls $0.05
Looby848586: raises $0.05 to $0.10
rairai924: folds 
KOCETO_1992: folds 
Dorex2007: folds 
ric67: raises $0.15 to $0.25
FLASH_RJ: calls $0.20
Templar85: folds 
Looby848586: raises $0.15 to $0.40
ric67: raises $0.45 to $0.85
FLASH_RJ: calls $0.60
Looby848586: raises $0.45 to $1.30
ric67: raises $2.44 to $3.74 and is all-in
FLASH_RJ: folds 
Looby848586: calls $2.44
*** FLOP *** [Jd 8d 9s]
*** TURN *** [Jd 8d 9s] [Ks]
*** RIVER *** [Jd 8d 9s Ks] [3c]
*** SHOW DOWN ***
ric67: shows [Qh Qs] (a pair of Queens)
Looby848586: shows [8h Js] (two pair, Jacks and Eights)
Looby848586 collected $8.05 from pot
*** SUMMARY ***
Total pot $8.40 | Rake $0.35 
Board [Jd 8d 9s Ks 3c]
Seat 2: Looby848586 showed [8h Js] and won ($8.05) with two pair, Jacks and Eights
Seat 3: rairai924 folded before Flop (didn't bet)
Seat 4: KOCETO_1992 (button) folded before Flop (didn't bet)
Seat 5: Dorex2007 (small blind) folded before Flop
Seat 6: ric67 (big blind) showed [Qh Qs] and lost with a pair of Queens
Seat 7: FLASH_RJ folded before Flop
Seat 8: borussenalex folded before Flop (didn't bet)
Seat 9: Templar85 folded before Flop



PokerStars Hand #238447216517:  Hold'em No Limit ($0.02/$0.05 USD) - 2022/09/05 21:59:25 PT [2022/09/06 0:59:25 ET]
Table 'Goffin II' 9-max Seat #5 is the button
Seat 2: Looby848586 ($8.62 in chips) 
Seat 3: rairai924 ($10.78 in chips) 
Seat 4: KOCETO_1992 ($3.85 in chips) 
Seat 5: Dorex2007 ($6.29 in chips) 
Seat 7: FLASH_RJ ($7.68 in chips) 
Seat 8: borussenalex ($5.52 in chips) 
Seat 9: Templar85 ($5 in chips) 
FLASH_RJ: posts small blind $0.02
borussenalex: posts big blind $0.05
lucifergaia: sits out 
*** HOLE CARDS ***
Dealt to Dorex2007 [Qh Ad]
Templar85: folds 
Looby848586: raises $0.10 to $0.15
rairai924: calls $0.15
KOCETO_1992: folds 
Dorex2007: calls $0.15
ric67 leaves the table
FLASH_RJ: calls $0.13
borussenalex: calls $0.10
*** FLOP *** [Qs 5s Ts]
K.Yurka joins the table at seat #6 
FLASH_RJ: bets $0.05
borussenalex: folds 
Looby848586: raises $0.05 to $0.10
rairai924: calls $0.10
Dorex2007: calls $0.10
FLASH_RJ: calls $0.05
*** TURN *** [Qs 5s Ts] [Ac]
FLASH_RJ: bets $0.05
Looby848586: raises $1.70 to $1.75
rairai924: folds 
Dorex2007: raises $4.29 to $6.04 and is all-in
FLASH_RJ: calls $5.99
Looby848586: calls $4.29
*** RIVER *** [Qs 5s Ts Ac] [6h]
FLASH_RJ: checks 
Looby848586: checks 
*** SHOW DOWN ***
FLASH_RJ: shows [4c As] (a pair of Aces)
Looby848586: mucks hand 
Dorex2007: shows [Qh Ad] (two pair, Aces and Queens)
Dorex2007 collected $18.47 from pot
*** SUMMARY ***
Total pot $19.27 | Rake $0.80 
Board [Qs 5s Ts Ac 6h]
Seat 2: Looby848586 mucked [8s Td]
Seat 3: rairai924 folded on the Turn
Seat 4: KOCETO_1992 folded before Flop (didn't bet)
Seat 5: Dorex2007 (button) showed [Qh Ad] and won ($18.47) with two pair, Aces and Queens
Seat 7: FLASH_RJ (small blind) showed [4c As] and lost with a pair of Aces
Seat 8: borussenalex (big blind) folded on the Flop
Seat 9: Templar85 folded before Flop (didn't bet)



PokerStars Hand #238447224908:  Hold'em No Limit ($0.02/$0.05 USD) - 2022/09/05 22:00:49 PT [2022/09/06 1:00:49 ET]
Table 'Goffin II' 9-max Seat #7 is the button
Seat 2: Looby848586 ($2.33 in chips) 
Seat 3: rairai924 ($10.53 in chips) 
Seat 4: KOCETO_1992 ($3.85 in chips) 
Seat 5: Dorex2007 ($18.47 in chips) 
Seat 7: FLASH_RJ ($1.39 in chips) 
Seat 8: borussenalex ($5.37 in chips) 
Seat 9: Templar85 ($5 in chips) 
borussenalex: posts small blind $0.02
Templar85: posts big blind $0.05
lucifergaia: sits out 
K.Yurka: sits out 
*** HOLE CARDS ***
Dealt to Dorex2007 [Tc 2s]
Looby848586: raises $2.28 to $2.33 and is all-in
rairai924: folds 
KOCETO_1992: folds 
Dorex2007: folds 
FLASH_RJ: calls $1.39 and is all-in
borussenalex: folds 
Templar85: folds 
Uncalled bet ($0.94) returned to Looby848586
*** FLOP *** [3h 3c 4d]
*** TURN *** [3h 3c 4d] [Ac]
*** RIVER *** [3h 3c 4d Ac] [2h]
*** SHOW DOWN ***
Looby848586: shows [Kh Ad] (two pair, Aces and Threes)
FLASH_RJ: shows [9d Th] (a pair of Threes)
Looby848586 collected $2.73 from pot
*** SUMMARY ***
Total pot $2.85 | Rake $0.12 
Board [3h 3c 4d Ac 2h]
Seat 2: Looby848586 showed [Kh Ad] and won ($2.73) with two pair, Aces and Threes
Seat 3: rairai924 folded before Flop (didn't bet)
Seat 4: KOCETO_1992 folded before Flop (didn't bet)
Seat 5: Dorex2007 folded before Flop (didn't bet)
Seat 7: FLASH_RJ (button) showed [9d Th] and lost with a pair of Threes
Seat 8: borussenalex (small blind) folded before Flop
Seat 9: Templar85 (big blind) folded before Flop



PokerStars Hand #238447228272:  Hold'em No Limit ($0.02/$0.05 USD) - 2022/09/05 22:01:22 PT [2022/09/06 1:01:22 ET]
Table 'Goffin II' 9-max Seat #8 is the button
Seat 1: lucifergaia ($5.99 in chips) 
Seat 2: Looby848586 ($3.67 in chips) 
Seat 3: rairai924 ($10.53 in chips) 
Seat 4: KOCETO_1992 ($3.85 in chips) 
Seat 5: Dorex2007 ($18.47 in chips) 
Seat 8: borussenalex ($5.35 in chips) 
Seat 9: Templar85 ($5 in chips) 
Templar85: posts small blind $0.02
lucifergaia: posts big blind $0.05
K.Yurka: sits out 
*** HOLE CARDS ***
Dealt to Dorex2007 [Js 4c]
Looby848586: raises $3.62 to $3.67 and is all-in
rairai924: folds 
KOCETO_1992: folds 
Dorex2007: folds 
borussenalex: folds 
Templar85: folds 
lucifergaia: folds [3s 3c]
Uncalled bet ($3.62) returned to Looby848586
Looby848586 collected $0.12 from pot
*** SUMMARY ***
Total pot $0.12 | Rake $0 
Seat 1: lucifergaia (big blind) folded before Flop
Seat 2: Looby848586 collected ($0.12)
Seat 3: rairai924 folded before Flop (didn't bet)
Seat 4: KOCETO_1992 folded before Flop (didn't bet)
Seat 5: Dorex2007 folded before Flop (didn't bet)
Seat 8: borussenalex (button) folded before Flop (didn't bet)
Seat 9: Templar85 (small blind) folded before Flop



PokerStars Hand #238447230396:  Hold'em No Limit ($0.02/$0.05 USD) - 2022/09/05 22:01:41 PT [2022/09/06 1:01:41 ET]
Table 'Goffin II' 9-max Seat #9 is the button
Seat 1: lucifergaia ($5.94 in chips) 
Seat 2: Looby848586 ($3.74 in chips) 
Seat 3: rairai924 ($10.53 in chips) 
Seat 4: KOCETO_1992 ($3.85 in chips) 
Seat 5: Dorex2007 ($18.47 in chips) 
Seat 7: FLASH_RJ ($5 in chips) 
Seat 8: borussenalex ($5.35 in chips) 
Seat 9: Templar85 ($5 in chips) 
lucifergaia: posts small blind $0.02
Looby848586: posts big blind $0.05
K.Yurka: sits out 
*** HOLE CARDS ***
Dealt to Dorex2007 [3s 5s]
rairai924 has timed out
rairai924: folds 
KOCETO_1992: folds 
Dorex2007: folds 
FLASH_RJ: calls $0.05
borussenalex has timed out
borussenalex: folds 
Templar85: folds 
lucifergaia: calls $0.03
Looby848586: raises $0.05 to $0.10
FLASH_RJ: calls $0.05
lucifergaia: calls $0.05
*** FLOP *** [Js 9c Ks]
lucifergaia: checks 
Looby848586: bets $1.70
FLASH_RJ: raises $1.70 to $3.40
lucifergaia: folds 
Looby848586: calls $1.70
*** TURN *** [Js 9c Ks] [Ad]
Looby848586: checks 
FLASH_RJ: bets $1.50 and is all-in
Looby848586: calls $0.24 and is all-in
Uncalled bet ($1.26) returned to FLASH_RJ
*** RIVER *** [Js 9c Ks Ad] [7d]
*** SHOW DOWN ***
Looby848586: shows [4s 5h] (high card Ace)
FLASH_RJ: shows [Kh Qh] (a pair of Kings)
FLASH_RJ collected $7.27 from pot
*** SUMMARY ***
Total pot $7.58 | Rake $0.31 
Board [Js 9c Ks Ad 7d]
Seat 1: lucifergaia (small blind) folded on the Flop
Seat 2: Looby848586 (big blind) showed [4s 5h] and lost with high card Ace
Seat 3: rairai924 folded before Flop (didn't bet)
Seat 4: KOCETO_1992 folded before Flop (didn't bet)
Seat 5: Dorex2007 folded before Flop (didn't bet)
Seat 7: FLASH_RJ showed [Kh Qh] and won ($7.27) with a pair of Kings
Seat 8: borussenalex folded before Flop (didn't bet)
Seat 9: Templar85 (button) folded before Flop (didn't bet)



PokerStars Hand #238447236400:  Hold'em No Limit ($0.02/$0.05 USD) - 2022/09/05 22:02:40 PT [2022/09/06 1:02:40 ET]
Table 'Goffin II' 9-max Seat #1 is the button
Seat 1: lucifergaia ($5.84 in chips) 
Seat 3: rairai924 ($10.53 in chips) 
Seat 4: KOCETO_1992 ($3.85 in chips) 
Seat 5: Dorex2007 ($18.47 in chips) 
Seat 7: FLASH_RJ ($8.53 in chips) 
Seat 8: borussenalex ($5.35 in chips) 
Seat 9: Templar85 ($5 in chips) 
rairai924: posts small blind $0.02
KOCETO_1992: posts big blind $0.05
K.Yurka: sits out 
*** HOLE CARDS ***
Dealt to Dorex2007 [Ac Jd]
Dorex2007: calls $0.05
FLASH_RJ: folds 
borussenalex: folds 
Templar85: raises $0.15 to $0.20
lucifergaia: folds 
Looby848586 leaves the table
rairai924: folds 
LEEDS2020 joins the table at seat #2 
KOCETO_1992: folds 
Dorex2007: calls $0.15
*** FLOP *** [Qh 7s 7c]
Dorex2007: checks 
Templar85: bets $0.22
Dorex2007: folds 
Uncalled bet ($0.22) returned to Templar85
Templar85 collected $0.45 from pot
Templar85: doesn't show hand 
*** SUMMARY ***
Total pot $0.47 | Rake $0.02 
Board [Qh 7s 7c]
Seat 1: lucifergaia (button) folded before Flop (didn't bet)
Seat 3: rairai924 (small blind) folded before Flop
Seat 4: KOCETO_1992 (big blind) folded before Flop
Seat 5: Dorex2007 folded on the Flop
Seat 7: FLASH_RJ folded before Flop (didn't bet)
Seat 8: borussenalex folded before Flop (didn't bet)
Seat 9: Templar85 collected ($0.45)



PokerStars Hand #238447240528:  Hold'em No Limit ($0.02/$0.05 USD) - 2022/09/05 22:03:19 PT [2022/09/06 1:03:19 ET]
Table 'Goffin II' 9-max Seat #3 is the button
Seat 1: lucifergaia ($5.84 in chips) 
Seat 2: LEEDS2020 ($4 in chips) 
Seat 3: rairai924 ($10.51 in chips) 
Seat 4: KOCETO_1992 ($3.80 in chips) 
Seat 5: Dorex2007 ($18.27 in chips) 
Seat 7: FLASH_RJ ($8.53 in chips) 
Seat 8: borussenalex ($5.35 in chips) 
Seat 9: Templar85 ($5.25 in chips) 
KOCETO_1992: posts small blind $0.02
Dorex2007: posts big blind $0.05
K.Yurka: sits out 
LEEDS2020: posts big blind $0.05
*** HOLE CARDS ***
Dealt to Dorex2007 [Qs Jh]
FLASH_RJ: folds 
borussenalex: calls $0.05
Templar85: folds 
lucifergaia: folds 
LEEDS2020: checks 
rairai924: folds 
KOCETO_1992: folds 
Dorex2007: checks 
*** FLOP *** [Qc Kc Js]
Dorex2007: bets $0.16
borussenalex: calls $0.16
LEEDS2020: calls $0.16
*** TURN *** [Qc Kc Js] [7s]
Dorex2007: checks 
borussenalex: bets $0.31
LEEDS2020: calls $0.31
Dorex2007: calls $0.31
*** RIVER *** [Qc Kc Js 7s] [5d]
Dorex2007: checks 
borussenalex: bets $0.75
LEEDS2020: calls $0.75
Dorex2007: folds 
*** SHOW DOWN ***
borussenalex: shows [7c Jc] (two pair, Jacks and Sevens)
LEEDS2020: mucks hand 
borussenalex collected $2.92 from pot
*** SUMMARY ***
Total pot $3.08 | Rake $0.16 
Board [Qc Kc Js 7s 5d]
Seat 1: lucifergaia folded before Flop (didn't bet)
Seat 2: LEEDS2020 mucked [Ks 3h]
Seat 3: rairai924 (button) folded before Flop (didn't bet)
Seat 4: KOCETO_1992 (small blind) folded before Flop
Seat 5: Dorex2007 (big blind) folded on the River
Seat 7: FLASH_RJ folded before Flop (didn't bet)
Seat 8: borussenalex showed [7c Jc] and won ($2.92) with two pair, Jacks and Sevens
Seat 9: Templar85 folded before Flop (didn't bet)



