PokerStars Hand #237633463808:  Hold'em No Limit ($0.02/$0.05 USD) - 2022/07/27 21:59:48 PT [2022/07/28 0:59:48 ET]
Table 'Mette' 9-max Seat #6 is the button
Seat 1: JORGE_JOCELIA ($6.32 in chips) 
Seat 2: checabrita ($5.10 in chips) 
Seat 3: CPS2017 ($1.79 in chips) 
Seat 4: paragraf ($2.50 in chips) 
Seat 5: Dorex2007 ($5 in chips) 
Seat 6: acad2011 ($1.70 in chips) 
Seat 7: AGVsmarT ($3.85 in chips) 
Seat 8: yur4ik777 ($7.52 in chips) 
Seat 9: alpinopacino ($4.25 in chips) 
AGVsmarT: posts small blind $0.02
yur4ik777: posts big blind $0.05
Dorex2007: posts big blind $0.05
*** HOLE CARDS ***
Dealt to Dorex2007 [3s 9h]
alpinopacino: folds 
JORGE_JOCELIA: raises $0.05 to $0.10
checabrita: folds 
CPS2017: calls $0.10
paragraf: folds 
Dorex2007: folds 
acad2011: folds 
AGVsmarT: calls $0.08
yur4ik777: folds 
*** FLOP *** [3c 5s 9d]
AGVsmarT: checks 
JORGE_JOCELIA: bets $0.19
CPS2017: folds 
AGVsmarT: calls $0.19
*** TURN *** [3c 5s 9d] [8c]
AGVsmarT: checks 
JORGE_JOCELIA: bets $0.37
AGVsmarT: calls $0.37
*** RIVER *** [3c 5s 9d 8c] [7c]
AGVsmarT: checks 
JORGE_JOCELIA: bets $0.73
AGVsmarT: folds 
Uncalled bet ($0.73) returned to JORGE_JOCELIA
JORGE_JOCELIA collected $1.46 from pot
JORGE_JOCELIA: doesn't show hand 
*** SUMMARY ***
Total pot $1.52 | Rake $0.06 
Board [3c 5s 9d 8c 7c]
Seat 1: JORGE_JOCELIA collected ($1.46)
Seat 2: checabrita folded before Flop (didn't bet)
Seat 3: CPS2017 folded on the Flop
Seat 4: paragraf folded before Flop (didn't bet)
Seat 5: Dorex2007 folded before Flop (didn't bet)
Seat 6: acad2011 (button) folded before Flop (didn't bet)
Seat 7: AGVsmarT (small blind) folded on the River
Seat 8: yur4ik777 (big blind) folded before Flop
Seat 9: alpinopacino folded before Flop (didn't bet)



PokerStars Hand #237633471678:  Hold'em No Limit ($0.02/$0.05 USD) - 2022/07/27 22:01:02 PT [2022/07/28 1:01:02 ET]
Table 'Mette' 9-max Seat #7 is the button
Seat 1: JORGE_JOCELIA ($7.12 in chips) 
Seat 2: checabrita ($5.10 in chips) 
Seat 3: CPS2017 ($1.69 in chips) 
Seat 4: paragraf ($2.50 in chips) 
Seat 5: Dorex2007 ($5 in chips) 
Seat 6: acad2011 ($1.70 in chips) 
Seat 7: AGVsmarT ($3.19 in chips) 
Seat 8: yur4ik777 ($7.47 in chips) 
Seat 9: alpinopacino ($4.25 in chips) 
yur4ik777: posts small blind $0.02
alpinopacino: posts big blind $0.05
*** HOLE CARDS ***
Dealt to Dorex2007 [Ah 5c]
JORGE_JOCELIA: folds 
checabrita: folds 
CPS2017: folds 
paragraf: folds 
Dorex2007: folds 
acad2011: folds 
AGVsmarT: folds 
yur4ik777: folds 
Uncalled bet ($0.03) returned to alpinopacino
alpinopacino collected $0.04 from pot
*** SUMMARY ***
Total pot $0.04 | Rake $0 
Seat 1: JORGE_JOCELIA folded before Flop (didn't bet)
Seat 2: checabrita folded before Flop (didn't bet)
Seat 3: CPS2017 folded before Flop (didn't bet)
Seat 4: paragraf folded before Flop (didn't bet)
Seat 5: Dorex2007 folded before Flop (didn't bet)
Seat 6: acad2011 folded before Flop (didn't bet)
Seat 7: AGVsmarT (button) folded before Flop (didn't bet)
Seat 8: yur4ik777 (small blind) folded before Flop
Seat 9: alpinopacino (big blind) collected ($0.04)



PokerStars Hand #237633474576:  Hold'em No Limit ($0.02/$0.05 USD) - 2022/07/27 22:01:28 PT [2022/07/28 1:01:28 ET]
Table 'Mette' 9-max Seat #8 is the button
Seat 1: JORGE_JOCELIA ($7.12 in chips) 
Seat 2: checabrita ($5.10 in chips) 
Seat 4: paragraf ($2.50 in chips) 
Seat 5: Dorex2007 ($5 in chips) 
Seat 6: acad2011 ($1.70 in chips) 
Seat 7: AGVsmarT ($3.19 in chips) 
Seat 8: yur4ik777 ($7.45 in chips) 
Seat 9: alpinopacino ($4.27 in chips) 
alpinopacino: posts small blind $0.02
JORGE_JOCELIA: posts big blind $0.05
*** HOLE CARDS ***
Dealt to Dorex2007 [Ah Ac]
checabrita: folds 
paragraf: folds 
Dorex2007: raises $0.10 to $0.15
acad2011: folds 
AGVsmarT: folds 
yur4ik777: folds 
alpinopacino: folds 
JORGE_JOCELIA: folds 
Uncalled bet ($0.10) returned to Dorex2007
Dorex2007 collected $0.12 from pot
Dorex2007: doesn't show hand 
*** SUMMARY ***
Total pot $0.12 | Rake $0 
Seat 1: JORGE_JOCELIA (big blind) folded before Flop
Seat 2: checabrita folded before Flop (didn't bet)
Seat 4: paragraf folded before Flop (didn't bet)
Seat 5: Dorex2007 collected ($0.12)
Seat 6: acad2011 folded before Flop (didn't bet)
Seat 7: AGVsmarT folded before Flop (didn't bet)
Seat 8: yur4ik777 (button) folded before Flop (didn't bet)
Seat 9: alpinopacino (small blind) folded before Flop



PokerStars Hand #237633477742:  Hold'em No Limit ($0.02/$0.05 USD) - 2022/07/27 22:01:56 PT [2022/07/28 1:01:56 ET]
Table 'Mette' 9-max Seat #9 is the button
Seat 1: JORGE_JOCELIA ($7.07 in chips) 
Seat 2: checabrita ($5.10 in chips) 
Seat 4: paragraf ($2.50 in chips) 
Seat 5: Dorex2007 ($5.07 in chips) 
Seat 6: acad2011 ($1.70 in chips) 
Seat 7: AGVsmarT ($3.19 in chips) 
Seat 8: yur4ik777 ($7.45 in chips) 
Seat 9: alpinopacino ($4.25 in chips) 
JORGE_JOCELIA: posts small blind $0.02
checabrita: posts big blind $0.05
*** HOLE CARDS ***
Dealt to Dorex2007 [5h 7s]
paragraf: folds 
Dorex2007: folds 
acad2011: folds 
AGVsmarT: calls $0.05
yur4ik777: folds 
alpinopacino: calls $0.05
JORGE_JOCELIA: calls $0.03
checabrita: checks 
*** FLOP *** [7h 4c Qd]
JORGE_JOCELIA: checks 
checabrita: checks 
AGVsmarT: checks 
alpinopacino: bets $0.09
JORGE_JOCELIA: folds 
checabrita: folds 
AGVsmarT: calls $0.09
*** TURN *** [7h 4c Qd] [8d]
AGVsmarT: checks 
alpinopacino: bets $0.18
AGVsmarT: calls $0.18
*** RIVER *** [7h 4c Qd 8d] [2d]
AGVsmarT: checks 
alpinopacino: checks 
*** SHOW DOWN ***
AGVsmarT: shows [8h 6h] (a pair of Eights)
alpinopacino: shows [Jc Qc] (a pair of Queens)
alpinopacino collected $0.71 from pot
*** SUMMARY ***
Total pot $0.74 | Rake $0.03 
Board [7h 4c Qd 8d 2d]
Seat 1: JORGE_JOCELIA (small blind) folded on the Flop
Seat 2: checabrita (big blind) folded on the Flop
Seat 4: paragraf folded before Flop (didn't bet)
Seat 5: Dorex2007 folded before Flop (didn't bet)
Seat 6: acad2011 folded before Flop (didn't bet)
Seat 7: AGVsmarT showed [8h 6h] and lost with a pair of Eights
Seat 8: yur4ik777 folded before Flop (didn't bet)
Seat 9: alpinopacino (button) showed [Jc Qc] and won ($0.71) with a pair of Queens



PokerStars Hand #237633484572:  Hold'em No Limit ($0.02/$0.05 USD) - 2022/07/27 22:02:57 PT [2022/07/28 1:02:57 ET]
Table 'Mette' 9-max Seat #1 is the button
Seat 1: JORGE_JOCELIA ($7.02 in chips) 
Seat 2: checabrita ($5.05 in chips) 
Seat 4: paragraf ($2.50 in chips) 
Seat 5: Dorex2007 ($5.07 in chips) 
Seat 6: acad2011 ($1.70 in chips) 
Seat 7: AGVsmarT ($2.87 in chips) 
Seat 8: yur4ik777 ($7.45 in chips) 
Seat 9: alpinopacino ($4.64 in chips) 
checabrita: posts small blind $0.02
paragraf: posts big blind $0.05
*** HOLE CARDS ***
Dealt to Dorex2007 [8s 8h]
Dorex2007: calls $0.05
acad2011: folds 
AGVsmarT: calls $0.05
yur4ik777: folds 
alpinopacino: folds 
JORGE_JOCELIA: folds 
checabrita: calls $0.03
paragraf: checks 
*** FLOP *** [9c Kd Ts]
checabrita: checks 
paragraf: checks 
Dorex2007: checks 
AGVsmarT: checks 
*** TURN *** [9c Kd Ts] [Jd]
checabrita: checks 
paragraf: checks 
Dorex2007: checks 
AGVsmarT: checks 
*** RIVER *** [9c Kd Ts Jd] [6h]
checabrita: checks 
paragraf: checks 
Dorex2007: bets $0.09
AGVsmarT: folds 
checabrita: folds 
paragraf: folds 
Uncalled bet ($0.09) returned to Dorex2007
Dorex2007 collected $0.19 from pot
Dorex2007: doesn't show hand 
*** SUMMARY ***
Total pot $0.20 | Rake $0.01 
Board [9c Kd Ts Jd 6h]
Seat 1: JORGE_JOCELIA (button) folded before Flop (didn't bet)
Seat 2: checabrita (small blind) folded on the River
Seat 4: paragraf (big blind) folded on the River
Seat 5: Dorex2007 collected ($0.19)
Seat 6: acad2011 folded before Flop (didn't bet)
Seat 7: AGVsmarT folded on the River
Seat 8: yur4ik777 folded before Flop (didn't bet)
Seat 9: alpinopacino folded before Flop (didn't bet)



PokerStars Hand #237633491486:  Hold'em No Limit ($0.02/$0.05 USD) - 2022/07/27 22:03:58 PT [2022/07/28 1:03:58 ET]
Table 'Mette' 9-max Seat #2 is the button
Seat 1: JORGE_JOCELIA ($7.02 in chips) 
Seat 2: checabrita ($5 in chips) 
Seat 4: paragraf ($2.45 in chips) 
Seat 5: Dorex2007 ($5.21 in chips) 
Seat 6: acad2011 ($1.70 in chips) 
Seat 7: AGVsmarT ($2.82 in chips) 
Seat 8: yur4ik777 ($7.45 in chips) 
Seat 9: alpinopacino ($4.64 in chips) 
paragraf: posts small blind $0.02
Dorex2007: posts big blind $0.05
*** HOLE CARDS ***
Dealt to Dorex2007 [7c 9s]
acad2011: folds 
AGVsmarT: calls $0.05
yur4ik777: folds 
alpinopacino: calls $0.05
JORGE_JOCELIA: folds 
checabrita: calls $0.05
paragraf: folds 
Dorex2007: checks 
*** FLOP *** [Jh Jc 6s]
Dorex2007: checks 
AGVsmarT: checks 
alpinopacino: checks 
checabrita: checks 
*** TURN *** [Jh Jc 6s] [3d]
Dorex2007: checks 
AGVsmarT: checks 
alpinopacino: checks 
checabrita: checks 
*** RIVER *** [Jh Jc 6s 3d] [7s]
Dorex2007: bets $0.10
AGVsmarT: folds 
alpinopacino: folds 
checabrita: folds 
Uncalled bet ($0.10) returned to Dorex2007
Dorex2007 collected $0.21 from pot
Dorex2007: doesn't show hand 
*** SUMMARY ***
Total pot $0.22 | Rake $0.01 
Board [Jh Jc 6s 3d 7s]
Seat 1: JORGE_JOCELIA folded before Flop (didn't bet)
Seat 2: checabrita (button) folded on the River
Seat 4: paragraf (small blind) folded before Flop
Seat 5: Dorex2007 (big blind) collected ($0.21)
Seat 6: acad2011 folded before Flop (didn't bet)
Seat 7: AGVsmarT folded on the River
Seat 8: yur4ik777 folded before Flop (didn't bet)
Seat 9: alpinopacino folded on the River



PokerStars Hand #237633508032:  Hold'em No Limit ($0.02/$0.05 USD) - 2022/07/27 22:05:12 PT [2022/07/28 1:05:12 ET]
Table 'Mette' 9-max Seat #4 is the button
Seat 1: JORGE_JOCELIA ($7.02 in chips) 
Seat 2: checabrita ($5 in chips) 
Seat 3: CPS2017 ($1.69 in chips) 
Seat 4: paragraf ($2.43 in chips) 
Seat 5: Dorex2007 ($5.37 in chips) 
Seat 6: acad2011 ($1.70 in chips) 
Seat 7: AGVsmarT ($2.77 in chips) 
Seat 8: yur4ik777 ($7.45 in chips) 
Seat 9: alpinopacino ($4.59 in chips) 
Dorex2007: posts small blind $0.02
acad2011: posts big blind $0.05
CPS2017: posts small & big blinds $0.07
*** HOLE CARDS ***
Dealt to Dorex2007 [3s Ks]
AGVsmarT: folds 
yur4ik777: raises $0.10 to $0.15
alpinopacino: calls $0.15
JORGE_JOCELIA: folds 
checabrita: folds 
CPS2017: folds 
paragraf: folds 
Dorex2007: folds 
acad2011: folds 
*** FLOP *** [6h 6c 7d]
yur4ik777: bets $0.27
alpinopacino: folds 
Uncalled bet ($0.27) returned to yur4ik777
yur4ik777 collected $0.42 from pot
yur4ik777: doesn't show hand 
*** SUMMARY ***
Total pot $0.44 | Rake $0.02 
Board [6h 6c 7d]
Seat 1: JORGE_JOCELIA folded before Flop (didn't bet)
Seat 2: checabrita folded before Flop (didn't bet)
Seat 3: CPS2017 folded before Flop (didn't bet)
Seat 4: paragraf (button) folded before Flop (didn't bet)
Seat 5: Dorex2007 (small blind) folded before Flop
Seat 6: acad2011 (big blind) folded before Flop
Seat 7: AGVsmarT folded before Flop (didn't bet)
Seat 8: yur4ik777 collected ($0.42)
Seat 9: alpinopacino folded on the Flop



PokerStars Hand #237633515100:  Hold'em No Limit ($0.02/$0.05 USD) - 2022/07/27 22:06:14 PT [2022/07/28 1:06:14 ET]
Table 'Mette' 9-max Seat #5 is the button
Seat 1: JORGE_JOCELIA ($7.02 in chips) 
Seat 2: checabrita ($5 in chips) 
Seat 3: CPS2017 ($1.62 in chips) 
Seat 4: paragraf ($2.43 in chips) 
Seat 5: Dorex2007 ($5.35 in chips) 
Seat 6: acad2011 ($1.65 in chips) 
Seat 7: AGVsmarT ($2.77 in chips) 
Seat 8: yur4ik777 ($7.72 in chips) 
Seat 9: alpinopacino ($4.44 in chips) 
acad2011: posts small blind $0.02
AGVsmarT: posts big blind $0.05
*** HOLE CARDS ***
Dealt to Dorex2007 [4h 5c]
yur4ik777: folds 
alpinopacino: folds 
JORGE_JOCELIA: raises $0.10 to $0.15
checabrita: folds 
CPS2017 has timed out
CPS2017: folds 
paragraf: folds 
Dorex2007: folds 
acad2011: folds 
AGVsmarT: calls $0.10
*** FLOP *** [4c Qh Kc]
AGVsmarT: checks 
JORGE_JOCELIA: bets $0.15
AGVsmarT: calls $0.15
*** TURN *** [4c Qh Kc] [Ad]
AGVsmarT: checks 
JORGE_JOCELIA: bets $0.29
AGVsmarT: calls $0.29
*** RIVER *** [4c Qh Kc Ad] [7d]
AGVsmarT: checks 
JORGE_JOCELIA: bets $0.57
AGVsmarT: folds 
Uncalled bet ($0.57) returned to JORGE_JOCELIA
JORGE_JOCELIA collected $1.15 from pot
JORGE_JOCELIA: doesn't show hand 
*** SUMMARY ***
Total pot $1.20 | Rake $0.05 
Board [4c Qh Kc Ad 7d]
Seat 1: JORGE_JOCELIA collected ($1.15)
Seat 2: checabrita folded before Flop (didn't bet)
Seat 3: CPS2017 folded before Flop (didn't bet)
Seat 4: paragraf folded before Flop (didn't bet)
Seat 5: Dorex2007 (button) folded before Flop (didn't bet)
Seat 6: acad2011 (small blind) folded before Flop
Seat 7: AGVsmarT (big blind) folded on the River
Seat 8: yur4ik777 folded before Flop (didn't bet)
Seat 9: alpinopacino folded before Flop (didn't bet)



PokerStars Hand #237633522838:  Hold'em No Limit ($0.02/$0.05 USD) - 2022/07/27 22:07:22 PT [2022/07/28 1:07:22 ET]
Table 'Mette' 9-max Seat #6 is the button
Seat 1: JORGE_JOCELIA ($7.58 in chips) 
Seat 2: checabrita ($5 in chips) 
Seat 4: paragraf ($2.43 in chips) 
Seat 5: Dorex2007 ($5.35 in chips) 
Seat 6: acad2011 ($1.63 in chips) 
Seat 7: AGVsmarT ($2.18 in chips) 
Seat 8: yur4ik777 ($7.72 in chips) 
Seat 9: alpinopacino ($4.44 in chips) 
AGVsmarT: posts small blind $0.02
yur4ik777: posts big blind $0.05
*** HOLE CARDS ***
Dealt to Dorex2007 [Td 8d]
alpinopacino: calls $0.05
JORGE_JOCELIA: folds 
checabrita: folds 
paragraf: folds 
Dorex2007: folds 
acad2011: calls $0.05
AGVsmarT: calls $0.03
paragraf leaves the table
PokerAleman joins the table at seat #4 
yur4ik777: raises $0.20 to $0.25
alpinopacino: calls $0.20
acad2011: calls $0.20
AGVsmarT: folds 
*** FLOP *** [4c 6s 9h]
yur4ik777: bets $0.49
alpinopacino: folds 
acad2011: folds 
Uncalled bet ($0.49) returned to yur4ik777
yur4ik777 collected $0.77 from pot
yur4ik777: doesn't show hand 
*** SUMMARY ***
Total pot $0.80 | Rake $0.03 
Board [4c 6s 9h]
Seat 1: JORGE_JOCELIA folded before Flop (didn't bet)
Seat 2: checabrita folded before Flop (didn't bet)
Seat 4: paragraf folded before Flop (didn't bet)
Seat 5: Dorex2007 folded before Flop (didn't bet)
Seat 6: acad2011 (button) folded on the Flop
Seat 7: AGVsmarT (small blind) folded before Flop
Seat 8: yur4ik777 (big blind) collected ($0.77)
Seat 9: alpinopacino folded on the Flop



PokerStars Hand #237633528659:  Hold'em No Limit ($0.02/$0.05 USD) - 2022/07/27 22:08:13 PT [2022/07/28 1:08:13 ET]
Table 'Mette' 9-max Seat #7 is the button
Seat 1: JORGE_JOCELIA ($7.58 in chips) 
Seat 2: checabrita ($5 in chips) 
Seat 3: CPS2017 ($1.62 in chips) 
Seat 5: Dorex2007 ($5.35 in chips) 
Seat 6: acad2011 ($1.38 in chips) 
Seat 7: AGVsmarT ($4.13 in chips) 
Seat 8: yur4ik777 ($8.24 in chips) 
Seat 9: alpinopacino ($4.19 in chips) 
yur4ik777: posts small blind $0.02
alpinopacino: posts big blind $0.05
PokerAleman: sits out 
*** HOLE CARDS ***
Dealt to Dorex2007 [Ac Th]
JORGE_JOCELIA: raises $0.10 to $0.15
checabrita: folds 
CPS2017: folds 
Dorex2007: folds 
acad2011: calls $0.15
AGVsmarT: folds 
yur4ik777: folds 
alpinopacino: calls $0.10
*** FLOP *** [5s 8h Td]
alpinopacino: checks 
JORGE_JOCELIA: bets $0.22
acad2011: calls $0.22
alpinopacino: calls $0.22
*** TURN *** [5s 8h Td] [9c]
alpinopacino: checks 
JORGE_JOCELIA: checks 
acad2011: bets $1.01 and is all-in
alpinopacino: calls $1.01
JORGE_JOCELIA: folds 
*** RIVER *** [5s 8h Td 9c] [3d]
*** SHOW DOWN ***
alpinopacino: shows [9s Tc] (two pair, Tens and Nines)
acad2011: shows [Jc Jd] (a pair of Jacks)
alpinopacino collected $3.02 from pot
acad2011 cashed out the hand for $1.08 | Cash Out Fee $0.01
*** SUMMARY ***
Total pot $3.15 | Rake $0.13 
Board [5s 8h Td 9c 3d]
Seat 1: JORGE_JOCELIA folded on the Turn
Seat 2: checabrita folded before Flop (didn't bet)
Seat 3: CPS2017 folded before Flop (didn't bet)
Seat 5: Dorex2007 folded before Flop (didn't bet)
Seat 6: acad2011 showed [Jc Jd] and lost with a pair of Jacks (cashed out).
Seat 7: AGVsmarT (button) folded before Flop (didn't bet)
Seat 8: yur4ik777 (small blind) folded before Flop
Seat 9: alpinopacino (big blind) showed [9s Tc] and won ($3.02) with two pair, Tens and Nines



PokerStars Hand #237633536335:  Hold'em No Limit ($0.02/$0.05 USD) - 2022/07/27 22:09:21 PT [2022/07/28 1:09:21 ET]
Table 'Mette' 9-max Seat #8 is the button
Seat 1: JORGE_JOCELIA ($7.21 in chips) 
Seat 2: checabrita ($5 in chips) 
Seat 3: CPS2017 ($1.62 in chips) 
Seat 5: Dorex2007 ($5.35 in chips) 
Seat 6: acad2011 ($1.08 in chips) 
Seat 7: AGVsmarT ($4.13 in chips) 
Seat 8: yur4ik777 ($8.22 in chips) 
Seat 9: alpinopacino ($5.83 in chips) 
alpinopacino: posts small blind $0.02
JORGE_JOCELIA: posts big blind $0.05
PokerAleman: sits out 
*** HOLE CARDS ***
Dealt to Dorex2007 [As 5h]
checabrita: folds 
CPS2017: calls $0.05
Dorex2007: folds 
acad2011: calls $0.05
AGVsmarT: calls $0.05
yur4ik777: folds 
alpinopacino: calls $0.03
JORGE_JOCELIA: checks 
*** FLOP *** [7h 6s Qs]
alpinopacino: checks 
JORGE_JOCELIA: checks 
CPS2017: checks 
acad2011: bets $0.24
AGVsmarT: folds 
alpinopacino: folds 
JORGE_JOCELIA: folds 
CPS2017: raises $1.33 to $1.57 and is all-in
acad2011: calls $0.79 and is all-in
Uncalled bet ($0.54) returned to CPS2017
*** TURN *** [7h 6s Qs] [Td]
*** RIVER *** [7h 6s Qs Td] [Jh]
*** SHOW DOWN ***
CPS2017: shows [7s Js] (two pair, Jacks and Sevens)
acad2011: shows [Kd Qd] (a pair of Queens)
CPS2017 cashed out the hand for $1.10 | Cash Out Fee $0.01
acad2011 cashed out the hand for $1.09 | Cash Out Fee $0.01
*** SUMMARY ***
Total pot $2.31 | Rake $0.10 
Board [7h 6s Qs Td Jh]
Seat 1: JORGE_JOCELIA (big blind) folded on the Flop
Seat 2: checabrita folded before Flop (didn't bet)
Seat 3: CPS2017 showed [7s Js] and won ($2.21) with two pair, Jacks and Sevens (pot not awarded as player cashed out)
Seat 5: Dorex2007 folded before Flop (didn't bet)
Seat 6: acad2011 showed [Kd Qd] and lost with a pair of Queens (cashed out).
Seat 7: AGVsmarT folded on the Flop
Seat 8: yur4ik777 (button) folded before Flop (didn't bet)
Seat 9: alpinopacino (small blind) folded on the Flop



PokerStars Hand #237633546364:  Hold'em No Limit ($0.02/$0.05 USD) - 2022/07/27 22:10:49 PT [2022/07/28 1:10:49 ET]
Table 'Mette' 9-max Seat #9 is the button
Seat 1: JORGE_JOCELIA ($7.16 in chips) 
Seat 2: checabrita ($5 in chips) 
Seat 3: CPS2017 ($1.64 in chips) 
Seat 5: Dorex2007 ($5.35 in chips) 
Seat 6: acad2011 ($1.09 in chips) 
Seat 7: AGVsmarT ($4.08 in chips) 
Seat 8: yur4ik777 ($8.22 in chips) 
Seat 9: alpinopacino ($5.78 in chips) 
JORGE_JOCELIA: posts small blind $0.02
checabrita: posts big blind $0.05
PokerAleman: sits out 
*** HOLE CARDS ***
Dealt to Dorex2007 [Jh 6h]
CPS2017: folds 
Dorex2007: folds 
acad2011: folds 
AGVsmarT: raises $0.12 to $0.17
yur4ik777: folds 
alpinopacino: calls $0.17
JORGE_JOCELIA: folds 
checabrita: folds 
*** FLOP *** [5c 5h 2c]
AGVsmarT: bets $0.10
alpinopacino: folds 
Uncalled bet ($0.10) returned to AGVsmarT
AGVsmarT collected $0.39 from pot
AGVsmarT: doesn't show hand 
*** SUMMARY ***
Total pot $0.41 | Rake $0.02 
Board [5c 5h 2c]
Seat 1: JORGE_JOCELIA (small blind) folded before Flop
Seat 2: checabrita (big blind) folded before Flop
Seat 3: CPS2017 folded before Flop (didn't bet)
Seat 5: Dorex2007 folded before Flop (didn't bet)
Seat 6: acad2011 folded before Flop (didn't bet)
Seat 7: AGVsmarT collected ($0.39)
Seat 8: yur4ik777 folded before Flop (didn't bet)
Seat 9: alpinopacino (button) folded on the Flop



PokerStars Hand #237633551108:  Hold'em No Limit ($0.02/$0.05 USD) - 2022/07/27 22:11:31 PT [2022/07/28 1:11:31 ET]
Table 'Mette' 9-max Seat #1 is the button
Seat 1: JORGE_JOCELIA ($7.14 in chips) 
Seat 2: checabrita ($5 in chips) 
Seat 3: CPS2017 ($1.64 in chips) 
Seat 5: Dorex2007 ($5.35 in chips) 
Seat 6: acad2011 ($1.09 in chips) 
Seat 7: AGVsmarT ($4.30 in chips) 
Seat 8: yur4ik777 ($8.22 in chips) 
Seat 9: alpinopacino ($5.61 in chips) 
checabrita: posts small blind $0.02
CPS2017: posts big blind $0.05
PokerAleman: sits out 
*** HOLE CARDS ***
Dealt to Dorex2007 [6d 9s]
Dorex2007: folds 
acad2011: folds 
AGVsmarT: folds 
yur4ik777: folds 
alpinopacino: folds 
JORGE_JOCELIA: raises $0.10 to $0.15
checabrita: folds 
CPS2017: raises $0.25 to $0.40
JORGE_JOCELIA: calls $0.25
*** FLOP *** [7h 2d Ks]
CPS2017: bets $1.24 and is all-in
JORGE_JOCELIA: folds 
Uncalled bet ($1.24) returned to CPS2017
CPS2017 collected $0.79 from pot
*** SUMMARY ***
Total pot $0.82 | Rake $0.03 
Board [7h 2d Ks]
Seat 1: JORGE_JOCELIA (button) folded on the Flop
Seat 2: checabrita (small blind) folded before Flop
Seat 3: CPS2017 (big blind) collected ($0.79)
Seat 5: Dorex2007 folded before Flop (didn't bet)
Seat 6: acad2011 folded before Flop (didn't bet)
Seat 7: AGVsmarT folded before Flop (didn't bet)
Seat 8: yur4ik777 folded before Flop (didn't bet)
Seat 9: alpinopacino folded before Flop (didn't bet)



PokerStars Hand #237633557806:  Hold'em No Limit ($0.02/$0.05 USD) - 2022/07/27 22:12:29 PT [2022/07/28 1:12:29 ET]
Table 'Mette' 9-max Seat #2 is the button
Seat 1: JORGE_JOCELIA ($6.74 in chips) 
Seat 2: checabrita ($5 in chips) 
Seat 3: CPS2017 ($2.03 in chips) 
Seat 4: PokerAleman ($5 in chips) 
Seat 5: Dorex2007 ($5.35 in chips) 
Seat 6: acad2011 ($1.09 in chips) 
Seat 7: AGVsmarT ($4.30 in chips) 
Seat 8: yur4ik777 ($8.22 in chips) 
Seat 9: alpinopacino ($5.61 in chips) 
CPS2017: posts small blind $0.02
PokerAleman: posts big blind $0.05
*** HOLE CARDS ***
Dealt to Dorex2007 [7c 7h]
Dorex2007: calls $0.05
acad2011: calls $0.05
AGVsmarT: folds 
yur4ik777: folds 
alpinopacino: folds 
JORGE_JOCELIA: raises $0.05 to $0.10
checabrita: folds 
CPS2017: folds 
PokerAleman: calls $0.05
Dorex2007: calls $0.05
acad2011: calls $0.05
*** FLOP *** [4h 8c 5h]
PokerAleman: checks 
Dorex2007: bets $0.27
acad2011: folds 
JORGE_JOCELIA: calls $0.27
PokerAleman: folds 
*** TURN *** [4h 8c 5h] [3c]
Dorex2007: checks 
JORGE_JOCELIA: bets $0.46
Dorex2007: folds 
Uncalled bet ($0.46) returned to JORGE_JOCELIA
JORGE_JOCELIA collected $0.92 from pot
JORGE_JOCELIA: doesn't show hand 
*** SUMMARY ***
Total pot $0.96 | Rake $0.04 
Board [4h 8c 5h 3c]
Seat 1: JORGE_JOCELIA collected ($0.92)
Seat 2: checabrita (button) folded before Flop (didn't bet)
Seat 3: CPS2017 (small blind) folded before Flop
Seat 4: PokerAleman (big blind) folded on the Flop
Seat 5: Dorex2007 folded on the Turn
Seat 6: acad2011 folded on the Flop
Seat 7: AGVsmarT folded before Flop (didn't bet)
Seat 8: yur4ik777 folded before Flop (didn't bet)
Seat 9: alpinopacino folded before Flop (didn't bet)



PokerStars Hand #237633567673:  Hold'em No Limit ($0.02/$0.05 USD) - 2022/07/27 22:13:50 PT [2022/07/28 1:13:50 ET]
Table 'Mette' 9-max Seat #3 is the button
Seat 1: JORGE_JOCELIA ($7.29 in chips) 
Seat 2: checabrita ($5 in chips) 
Seat 3: CPS2017 ($2.01 in chips) 
Seat 4: PokerAleman ($5 in chips) 
Seat 5: Dorex2007 ($5 in chips) 
Seat 6: acad2011 ($0.99 in chips) 
Seat 7: AGVsmarT ($4.30 in chips) 
Seat 8: yur4ik777 ($8.22 in chips) 
Seat 9: alpinopacino ($5.61 in chips) 
PokerAleman: posts small blind $0.02
Dorex2007: posts big blind $0.05
*** HOLE CARDS ***
Dealt to Dorex2007 [6h 6d]
acad2011: calls $0.05
AGVsmarT: calls $0.05
yur4ik777: folds 
alpinopacino: calls $0.05
JORGE_JOCELIA: folds 
checabrita: folds 
CPS2017: calls $0.05
PokerAleman: calls $0.03
Dorex2007: checks 
*** FLOP *** [8h 7s 3s]
PokerAleman: checks 
Dorex2007: checks 
acad2011: checks 
AGVsmarT: checks 
alpinopacino: bets $0.14
CPS2017: folds 
PokerAleman: raises $0.51 to $0.65
Dorex2007: folds 
acad2011: folds 
AGVsmarT: folds 
alpinopacino: calls $0.51
*** TURN *** [8h 7s 3s] [2d]
PokerAleman: bets $0.80
alpinopacino: calls $0.80
*** RIVER *** [8h 7s 3s 2d] [5s]
PokerAleman: bets $1.45
alpinopacino: folds 
Uncalled bet ($1.45) returned to PokerAleman
PokerAleman collected $3.07 from pot
PokerAleman: doesn't show hand 
*** SUMMARY ***
Total pot $3.20 | Rake $0.13 
Board [8h 7s 3s 2d 5s]
Seat 1: JORGE_JOCELIA folded before Flop (didn't bet)
Seat 2: checabrita folded before Flop (didn't bet)
Seat 3: CPS2017 (button) folded on the Flop
Seat 4: PokerAleman (small blind) collected ($3.07)
Seat 5: Dorex2007 (big blind) folded on the Flop
Seat 6: acad2011 folded on the Flop
Seat 7: AGVsmarT folded on the Flop
Seat 8: yur4ik777 folded before Flop (didn't bet)
Seat 9: alpinopacino folded on the River



PokerStars Hand #237633581002:  Hold'em No Limit ($0.02/$0.05 USD) - 2022/07/27 22:15:48 PT [2022/07/28 1:15:48 ET]
Table 'Mette' 9-max Seat #4 is the button
Seat 1: JORGE_JOCELIA ($7.29 in chips) 
Seat 2: checabrita ($5 in chips) 
Seat 3: CPS2017 ($1.96 in chips) 
Seat 4: PokerAleman ($6.57 in chips) 
Seat 5: Dorex2007 ($5 in chips) 
Seat 6: acad2011 ($0.94 in chips) 
Seat 7: AGVsmarT ($4.25 in chips) 
Seat 8: yur4ik777 ($8.22 in chips) 
Seat 9: alpinopacino ($4.11 in chips) 
Dorex2007: posts small blind $0.02
acad2011: posts big blind $0.05
*** HOLE CARDS ***
Dealt to Dorex2007 [6s Qh]
AGVsmarT: folds 
yur4ik777: folds 
alpinopacino: calls $0.05
JORGE_JOCELIA: calls $0.05
checabrita: folds 
CPS2017: folds 
PokerAleman: calls $0.05
Dorex2007: folds 
acad2011: checks 
*** FLOP *** [4c 3h Kh]
acad2011: checks 
alpinopacino: bets $0.21
JORGE_JOCELIA: folds 
PokerAleman: calls $0.21
acad2011: folds 
*** TURN *** [4c 3h Kh] [Kc]
alpinopacino: checks 
PokerAleman: checks 
*** RIVER *** [4c 3h Kh Kc] [7s]
alpinopacino: checks 
PokerAleman: checks 
*** SHOW DOWN ***
alpinopacino: shows [Ad Ah] (two pair, Aces and Kings)
PokerAleman: mucks hand 
alpinopacino collected $0.61 from pot
*** SUMMARY ***
Total pot $0.64 | Rake $0.03 
Board [4c 3h Kh Kc 7s]
Seat 1: JORGE_JOCELIA folded on the Flop
Seat 2: checabrita folded before Flop (didn't bet)
Seat 3: CPS2017 folded before Flop (didn't bet)
Seat 4: PokerAleman (button) mucked [7d 6h]
Seat 5: Dorex2007 (small blind) folded before Flop
Seat 6: acad2011 (big blind) folded on the Flop
Seat 7: AGVsmarT folded before Flop (didn't bet)
Seat 8: yur4ik777 folded before Flop (didn't bet)
Seat 9: alpinopacino showed [Ad Ah] and won ($0.61) with two pair, Aces and Kings



PokerStars Hand #237633587861:  Hold'em No Limit ($0.02/$0.05 USD) - 2022/07/27 22:16:49 PT [2022/07/28 1:16:49 ET]
Table 'Mette' 9-max Seat #5 is the button
Seat 1: JORGE_JOCELIA ($7.24 in chips) 
Seat 2: checabrita ($5 in chips) 
Seat 3: CPS2017 ($1.96 in chips) 
Seat 4: PokerAleman ($6.31 in chips) 
Seat 5: Dorex2007 ($5 in chips) 
Seat 6: acad2011 ($0.89 in chips) 
Seat 7: AGVsmarT ($4.25 in chips) 
Seat 8: yur4ik777 ($8.22 in chips) 
Seat 9: alpinopacino ($4.46 in chips) 
acad2011: posts small blind $0.02
AGVsmarT: posts big blind $0.05
*** HOLE CARDS ***
Dealt to Dorex2007 [8s 8c]
yur4ik777: folds 
alpinopacino: folds 
JORGE_JOCELIA: folds 
checabrita: raises $0.10 to $0.15
CPS2017: calls $0.15
PokerAleman: calls $0.15
Dorex2007: calls $0.15
acad2011: calls $0.13
AGVsmarT: calls $0.10
*** FLOP *** [Ac 9d 5d]
acad2011: checks 
AGVsmarT: checks 
checabrita: checks 
CPS2017: checks 
PokerAleman: bets $0.55
Dorex2007: folds 
acad2011: folds 
AGVsmarT: folds 
checabrita: folds 
CPS2017: folds 
Uncalled bet ($0.55) returned to PokerAleman
PokerAleman collected $0.86 from pot
PokerAleman: doesn't show hand 
*** SUMMARY ***
Total pot $0.90 | Rake $0.04 
Board [Ac 9d 5d]
Seat 1: JORGE_JOCELIA folded before Flop (didn't bet)
Seat 2: checabrita folded on the Flop
Seat 3: CPS2017 folded on the Flop
Seat 4: PokerAleman collected ($0.86)
Seat 5: Dorex2007 (button) folded on the Flop
Seat 6: acad2011 (small blind) folded on the Flop
Seat 7: AGVsmarT (big blind) folded on the Flop
Seat 8: yur4ik777 folded before Flop (didn't bet)
Seat 9: alpinopacino folded before Flop (didn't bet)



PokerStars Hand #237633593032:  Hold'em No Limit ($0.02/$0.05 USD) - 2022/07/27 22:17:35 PT [2022/07/28 1:17:35 ET]
Table 'Mette' 9-max Seat #6 is the button
Seat 1: JORGE_JOCELIA ($7.24 in chips) 
Seat 2: checabrita ($5 in chips) 
Seat 3: CPS2017 ($1.81 in chips) 
Seat 4: PokerAleman ($7.02 in chips) 
Seat 5: Dorex2007 ($5 in chips) 
Seat 6: acad2011 ($0.74 in chips) 
Seat 7: AGVsmarT ($4.10 in chips) 
Seat 8: yur4ik777 ($8.22 in chips) 
Seat 9: alpinopacino ($4.46 in chips) 
AGVsmarT: posts small blind $0.02
yur4ik777: posts big blind $0.05
*** HOLE CARDS ***
Dealt to Dorex2007 [8c 3s]
alpinopacino: folds 
JORGE_JOCELIA: folds 
checabrita: folds 
CPS2017: calls $0.05
PokerAleman: calls $0.05
Dorex2007: folds 
acad2011: calls $0.05
AGVsmarT: folds 
yur4ik777: checks 
*** FLOP *** [9d Ks Qh]
yur4ik777: checks 
CPS2017: bets $0.30
PokerAleman: folds 
acad2011: folds 
yur4ik777: folds 
Uncalled bet ($0.30) returned to CPS2017
CPS2017 collected $0.21 from pot
*** SUMMARY ***
Total pot $0.22 | Rake $0.01 
Board [9d Ks Qh]
Seat 1: JORGE_JOCELIA folded before Flop (didn't bet)
Seat 2: checabrita folded before Flop (didn't bet)
Seat 3: CPS2017 collected ($0.21)
Seat 4: PokerAleman folded on the Flop
Seat 5: Dorex2007 folded before Flop (didn't bet)
Seat 6: acad2011 (button) folded on the Flop
Seat 7: AGVsmarT (small blind) folded before Flop
Seat 8: yur4ik777 (big blind) folded on the Flop
Seat 9: alpinopacino folded before Flop (didn't bet)



PokerStars Hand #237633599283:  Hold'em No Limit ($0.02/$0.05 USD) - 2022/07/27 22:18:31 PT [2022/07/28 1:18:31 ET]
Table 'Mette' 9-max Seat #7 is the button
Seat 1: JORGE_JOCELIA ($7.24 in chips) 
Seat 2: checabrita ($5 in chips) 
Seat 3: CPS2017 ($1.97 in chips) 
Seat 4: PokerAleman ($6.97 in chips) 
Seat 5: Dorex2007 ($5 in chips) 
Seat 6: acad2011 ($0.69 in chips) 
Seat 7: AGVsmarT ($4.08 in chips) 
Seat 8: yur4ik777 ($8.17 in chips) 
Seat 9: alpinopacino ($4.46 in chips) 
yur4ik777: posts small blind $0.02
alpinopacino: posts big blind $0.05
*** HOLE CARDS ***
Dealt to Dorex2007 [7h Qs]
JORGE_JOCELIA: folds 
checabrita: raises $0.10 to $0.15
CPS2017: calls $0.15
PokerAleman: calls $0.15
Dorex2007: folds 
acad2011: calls $0.15
AGVsmarT: calls $0.15
yur4ik777: folds 
alpinopacino: calls $0.10
*** FLOP *** [2s Qh 7s]
alpinopacino: bets $0.44
checabrita: folds 
CPS2017: raises $1.38 to $1.82 and is all-in
PokerAleman: folds 
acad2011: folds 
AGVsmarT: folds 
alpinopacino: calls $1.38
*** TURN *** [2s Qh 7s] [9d]
*** RIVER *** [2s Qh 7s 9d] [7c]
*** SHOW DOWN ***
alpinopacino: shows [Qc As] (two pair, Queens and Sevens)
CPS2017: shows [4s 3s] (a pair of Sevens)
alpinopacino collected $4.37 from pot
*** SUMMARY ***
Total pot $4.56 | Rake $0.19 
Board [2s Qh 7s 9d 7c]
Seat 1: JORGE_JOCELIA folded before Flop (didn't bet)
Seat 2: checabrita folded on the Flop
Seat 3: CPS2017 showed [4s 3s] and lost with a pair of Sevens
Seat 4: PokerAleman folded on the Flop
Seat 5: Dorex2007 folded before Flop (didn't bet)
Seat 6: acad2011 folded on the Flop
Seat 7: AGVsmarT (button) folded on the Flop
Seat 8: yur4ik777 (small blind) folded before Flop
Seat 9: alpinopacino (big blind) showed [Qc As] and won ($4.37) with two pair, Queens and Sevens



PokerStars Hand #237633616134:  Hold'em No Limit ($0.02/$0.05 USD) - 2022/07/27 22:19:35 PT [2022/07/28 1:19:35 ET]
Table 'Mette' 9-max Seat #8 is the button
Seat 1: JORGE_JOCELIA ($7.24 in chips) 
Seat 2: checabrita ($5 in chips) 
Seat 4: PokerAleman ($6.82 in chips) 
Seat 5: Dorex2007 ($5 in chips) 
Seat 6: acad2011 ($0.54 in chips) 
Seat 7: AGVsmarT ($3.93 in chips) 
Seat 8: yur4ik777 ($8.15 in chips) 
Seat 9: alpinopacino ($6.86 in chips) 
alpinopacino: posts small blind $0.02
JORGE_JOCELIA: posts big blind $0.05
*** HOLE CARDS ***
Dealt to Dorex2007 [3h 7c]
checabrita: folds 
PokerAleman: raises $0.10 to $0.15
Dorex2007: folds 
acad2011: folds 
AGVsmarT: folds 
yur4ik777: folds 
alpinopacino: calls $0.13
JORGE_JOCELIA: folds 
*** FLOP *** [8h 7d Ac]
alpinopacino: checks 
PokerAleman: bets $0.25
alpinopacino: calls $0.25
*** TURN *** [8h 7d Ac] [Td]
CPS2017 leaves the table
alpinopacino: checks 
PokerAleman: bets $0.40
alpinopacino: calls $0.40
*** RIVER *** [8h 7d Ac Td] [6h]
alpinopacino: checks 
geniuss joins the table at seat #3 
PokerAleman: bets $0.79
alpinopacino: folds 
Uncalled bet ($0.79) returned to PokerAleman
PokerAleman collected $1.58 from pot
PokerAleman: doesn't show hand 
*** SUMMARY ***
Total pot $1.65 | Rake $0.07 
Board [8h 7d Ac Td 6h]
Seat 1: JORGE_JOCELIA (big blind) folded before Flop
Seat 2: checabrita folded before Flop (didn't bet)
Seat 4: PokerAleman collected ($1.58)
Seat 5: Dorex2007 folded before Flop (didn't bet)
Seat 6: acad2011 folded before Flop (didn't bet)
Seat 7: AGVsmarT folded before Flop (didn't bet)
Seat 8: yur4ik777 (button) folded before Flop (didn't bet)
Seat 9: alpinopacino (small blind) folded on the River



PokerStars Hand #237633623169:  Hold'em No Limit ($0.02/$0.05 USD) - 2022/07/27 22:20:39 PT [2022/07/28 1:20:39 ET]
Table 'Mette' 9-max Seat #9 is the button
Seat 1: JORGE_JOCELIA ($7.19 in chips) 
Seat 2: checabrita ($5 in chips) 
Seat 4: PokerAleman ($7.60 in chips) 
Seat 5: Dorex2007 ($5 in chips) 
Seat 6: acad2011 ($0.54 in chips) 
Seat 7: AGVsmarT ($3.93 in chips) 
Seat 8: yur4ik777 ($8.15 in chips) 
Seat 9: alpinopacino ($6.06 in chips) 
JORGE_JOCELIA: posts small blind $0.02
checabrita: posts big blind $0.05
geniuss: sits out 
*** HOLE CARDS ***
Dealt to Dorex2007 [Ah Qc]
PokerAleman: folds 
Dorex2007: raises $0.05 to $0.10
acad2011: folds 
AGVsmarT: folds 
yur4ik777: folds 
alpinopacino: folds 
JORGE_JOCELIA: folds 
checabrita: folds 
Uncalled bet ($0.05) returned to Dorex2007
Dorex2007 collected $0.12 from pot
Dorex2007: doesn't show hand 
*** SUMMARY ***
Total pot $0.12 | Rake $0 
Seat 1: JORGE_JOCELIA (small blind) folded before Flop
Seat 2: checabrita (big blind) folded before Flop
Seat 4: PokerAleman folded before Flop (didn't bet)
Seat 5: Dorex2007 collected ($0.12)
Seat 6: acad2011 folded before Flop (didn't bet)
Seat 7: AGVsmarT folded before Flop (didn't bet)
Seat 8: yur4ik777 folded before Flop (didn't bet)
Seat 9: alpinopacino (button) folded before Flop (didn't bet)



PokerStars Hand #237633626055:  Hold'em No Limit ($0.02/$0.05 USD) - 2022/07/27 22:21:06 PT [2022/07/28 1:21:06 ET]
Table 'Mette' 9-max Seat #1 is the button
Seat 1: JORGE_JOCELIA ($7.17 in chips) 
Seat 2: checabrita ($5 in chips) 
Seat 3: geniuss ($5 in chips) 
Seat 4: PokerAleman ($7.60 in chips) 
Seat 5: Dorex2007 ($5.07 in chips) 
Seat 6: acad2011 ($0.54 in chips) 
Seat 7: AGVsmarT ($3.93 in chips) 
Seat 8: yur4ik777 ($8.15 in chips) 
Seat 9: alpinopacino ($6.06 in chips) 
checabrita: posts small blind $0.02
geniuss: posts big blind $0.05
*** HOLE CARDS ***
Dealt to Dorex2007 [7d 5h]
PokerAleman: folds 
Dorex2007: folds 
acad2011: folds 
AGVsmarT: folds 
yur4ik777: folds 
alpinopacino: folds 
JORGE_JOCELIA: raises $0.05 to $0.10
checabrita: raises $0.37 to $0.47
geniuss: folds 
JORGE_JOCELIA: calls $0.37
*** FLOP *** [4d 8c Qs]
checabrita: bets $0.24
JORGE_JOCELIA: folds 
Uncalled bet ($0.24) returned to checabrita
checabrita collected $0.95 from pot
*** SUMMARY ***
Total pot $0.99 | Rake $0.04 
Board [4d 8c Qs]
Seat 1: JORGE_JOCELIA (button) folded on the Flop
Seat 2: checabrita (small blind) collected ($0.95)
Seat 3: geniuss (big blind) folded before Flop
Seat 4: PokerAleman folded before Flop (didn't bet)
Seat 5: Dorex2007 folded before Flop (didn't bet)
Seat 6: acad2011 folded before Flop (didn't bet)
Seat 7: AGVsmarT folded before Flop (didn't bet)
Seat 8: yur4ik777 folded before Flop (didn't bet)
Seat 9: alpinopacino folded before Flop (didn't bet)



PokerStars Hand #237633631587:  Hold'em No Limit ($0.02/$0.05 USD) - 2022/07/27 22:21:56 PT [2022/07/28 1:21:56 ET]
Table 'Mette' 9-max Seat #2 is the button
Seat 1: JORGE_JOCELIA ($6.70 in chips) 
Seat 2: checabrita ($5.48 in chips) 
Seat 3: geniuss ($5 in chips) 
Seat 4: PokerAleman ($7.60 in chips) 
Seat 5: Dorex2007 ($5.07 in chips) 
Seat 6: acad2011 ($0.54 in chips) 
Seat 7: AGVsmarT ($3.93 in chips) 
Seat 8: yur4ik777 ($8.15 in chips) 
Seat 9: alpinopacino ($6.06 in chips) 
geniuss: posts small blind $0.02
PokerAleman: posts big blind $0.05
*** HOLE CARDS ***
Dealt to Dorex2007 [Ks 3h]
Dorex2007: folds 
acad2011: folds 
AGVsmarT: raises $0.15 to $0.20
yur4ik777: folds 
alpinopacino: folds 
JORGE_JOCELIA: folds 
checabrita: folds 
geniuss: folds 
PokerAleman: folds 
Uncalled bet ($0.15) returned to AGVsmarT
AGVsmarT collected $0.12 from pot
AGVsmarT: doesn't show hand 
*** SUMMARY ***
Total pot $0.12 | Rake $0 
Seat 1: JORGE_JOCELIA folded before Flop (didn't bet)
Seat 2: checabrita (button) folded before Flop (didn't bet)
Seat 3: geniuss (small blind) folded before Flop
Seat 4: PokerAleman (big blind) folded before Flop
Seat 5: Dorex2007 folded before Flop (didn't bet)
Seat 6: acad2011 folded before Flop (didn't bet)
Seat 7: AGVsmarT collected ($0.12)
Seat 8: yur4ik777 folded before Flop (didn't bet)
Seat 9: alpinopacino folded before Flop (didn't bet)



PokerStars Hand #237633635006:  Hold'em No Limit ($0.02/$0.05 USD) - 2022/07/27 22:22:27 PT [2022/07/28 1:22:27 ET]
Table 'Mette' 9-max Seat #3 is the button
Seat 1: JORGE_JOCELIA ($6.70 in chips) 
Seat 2: checabrita ($5.48 in chips) 
Seat 3: geniuss ($5 in chips) 
Seat 4: PokerAleman ($7.55 in chips) 
Seat 5: Dorex2007 ($5.07 in chips) 
Seat 6: acad2011 ($0.54 in chips) 
Seat 7: AGVsmarT ($4 in chips) 
Seat 8: yur4ik777 ($8.15 in chips) 
Seat 9: alpinopacino ($6.06 in chips) 
PokerAleman: posts small blind $0.02
Dorex2007: posts big blind $0.05
*** HOLE CARDS ***
Dealt to Dorex2007 [9c 5d]
acad2011: calls $0.05
AGVsmarT: raises $0.17 to $0.22
yur4ik777: folds 
alpinopacino: folds 
JORGE_JOCELIA: folds 
checabrita: folds 
geniuss: folds 
PokerAleman: folds 
Dorex2007: folds 
acad2011: calls $0.17
*** FLOP *** [7h Qd 3c]
acad2011: checks 
AGVsmarT: bets $0.10
acad2011: raises $0.22 to $0.32 and is all-in
AGVsmarT: calls $0.22
*** TURN *** [7h Qd 3c] [2d]
*** RIVER *** [7h Qd 3c 2d] [8s]
*** SHOW DOWN ***
acad2011: shows [4d 4h] (a pair of Fours)
AGVsmarT: shows [Kh As] (high card Ace)
acad2011 cashed out the hand for $0.80 | Cash Out Fee $0.01
*** SUMMARY ***
Total pot $1.15 | Rake $0.05 
Board [7h Qd 3c 2d 8s]
Seat 1: JORGE_JOCELIA folded before Flop (didn't bet)
Seat 2: checabrita folded before Flop (didn't bet)
Seat 3: geniuss (button) folded before Flop (didn't bet)
Seat 4: PokerAleman (small blind) folded before Flop
Seat 5: Dorex2007 (big blind) folded before Flop
Seat 6: acad2011 showed [4d 4h] and won ($1.10) with a pair of Fours (pot not awarded as player cashed out)
Seat 7: AGVsmarT showed [Kh As] and lost with high card Ace
Seat 8: yur4ik777 folded before Flop (didn't bet)
Seat 9: alpinopacino folded before Flop (didn't bet)



PokerStars Hand #237633640449:  Hold'em No Limit ($0.02/$0.05 USD) - 2022/07/27 22:23:16 PT [2022/07/28 1:23:16 ET]
Table 'Mette' 9-max Seat #4 is the button
Seat 1: JORGE_JOCELIA ($6.70 in chips) 
Seat 2: checabrita ($5.48 in chips) 
Seat 3: geniuss ($5 in chips) 
Seat 4: PokerAleman ($7.53 in chips) 
Seat 5: Dorex2007 ($5.02 in chips) 
Seat 6: acad2011 ($0.80 in chips) 
Seat 7: AGVsmarT ($3.46 in chips) 
Seat 8: yur4ik777 ($8.15 in chips) 
Seat 9: alpinopacino ($6.06 in chips) 
Dorex2007: posts small blind $0.02
acad2011: posts big blind $0.05
*** HOLE CARDS ***
Dealt to Dorex2007 [4h Qd]
AGVsmarT: calls $0.05
yur4ik777: folds 
alpinopacino: folds 
JORGE_JOCELIA: raises $0.05 to $0.10
checabrita: folds 
geniuss: folds 
PokerAleman: calls $0.10
Dorex2007: folds 
acad2011: folds 
AGVsmarT: calls $0.05
*** FLOP *** [2s Ah 2d]
AGVsmarT: checks 
JORGE_JOCELIA: checks 
PokerAleman: bets $0.20
AGVsmarT: folds 
JORGE_JOCELIA: calls $0.20
*** TURN *** [2s Ah 2d] [2h]
JORGE_JOCELIA: checks 
PokerAleman: checks 
*** RIVER *** [2s Ah 2d 2h] [5h]
JORGE_JOCELIA: checks 
PokerAleman: checks 
*** SHOW DOWN ***
JORGE_JOCELIA: shows [3h 3c] (a full house, Deuces full of Threes)
PokerAleman: mucks hand 
JORGE_JOCELIA collected $0.74 from pot
*** SUMMARY ***
Total pot $0.77 | Rake $0.03 
Board [2s Ah 2d 2h 5h]
Seat 1: JORGE_JOCELIA showed [3h 3c] and won ($0.74) with a full house, Deuces full of Threes
Seat 2: checabrita folded before Flop (didn't bet)
Seat 3: geniuss folded before Flop (didn't bet)
Seat 4: PokerAleman (button) mucked [9s Qh]
Seat 5: Dorex2007 (small blind) folded before Flop
Seat 6: acad2011 (big blind) folded before Flop
Seat 7: AGVsmarT folded on the Flop
Seat 8: yur4ik777 folded before Flop (didn't bet)
Seat 9: alpinopacino folded before Flop (didn't bet)



PokerStars Hand #237633645930:  Hold'em No Limit ($0.02/$0.05 USD) - 2022/07/27 22:24:06 PT [2022/07/28 1:24:06 ET]
Table 'Mette' 9-max Seat #5 is the button
Seat 1: JORGE_JOCELIA ($7.14 in chips) 
Seat 2: checabrita ($5.48 in chips) 
Seat 3: geniuss ($5 in chips) 
Seat 4: PokerAleman ($7.23 in chips) 
Seat 5: Dorex2007 ($5 in chips) 
Seat 6: acad2011 ($0.75 in chips) 
Seat 7: AGVsmarT ($3.36 in chips) 
Seat 8: yur4ik777 ($8.15 in chips) 
Seat 9: alpinopacino ($6.06 in chips) 
acad2011: posts small blind $0.02
AGVsmarT: posts big blind $0.05
*** HOLE CARDS ***
Dealt to Dorex2007 [8c Qh]
yur4ik777: calls $0.05
alpinopacino: folds 
JORGE_JOCELIA: folds 
checabrita: folds 
geniuss: folds 
PokerAleman: calls $0.05
Dorex2007: folds 
acad2011: calls $0.03
AGVsmarT: checks 
*** FLOP *** [2c 6s 9h]
acad2011: checks 
AGVsmarT: bets $0.19
yur4ik777: raises $0.19 to $0.38
PokerAleman: folds 
acad2011: folds 
AGVsmarT: calls $0.19
*** TURN *** [2c 6s 9h] [5h]
AGVsmarT: bets $0.92
yur4ik777: raises $3.86 to $4.78
AGVsmarT: folds 
Uncalled bet ($3.86) returned to yur4ik777
yur4ik777 collected $2.68 from pot
yur4ik777: doesn't show hand 
*** SUMMARY ***
Total pot $2.80 | Rake $0.12 
Board [2c 6s 9h 5h]
Seat 1: JORGE_JOCELIA folded before Flop (didn't bet)
Seat 2: checabrita folded before Flop (didn't bet)
Seat 3: geniuss folded before Flop (didn't bet)
Seat 4: PokerAleman folded on the Flop
Seat 5: Dorex2007 (button) folded before Flop (didn't bet)
Seat 6: acad2011 (small blind) folded on the Flop
Seat 7: AGVsmarT (big blind) folded on the Turn
Seat 8: yur4ik777 collected ($2.68)
Seat 9: alpinopacino folded before Flop (didn't bet)



PokerStars Hand #237633653833:  Hold'em No Limit ($0.02/$0.05 USD) - 2022/07/27 22:25:19 PT [2022/07/28 1:25:19 ET]
Table 'Mette' 9-max Seat #6 is the button
Seat 1: JORGE_JOCELIA ($7.14 in chips) 
Seat 2: checabrita ($5.48 in chips) 
Seat 3: geniuss ($5 in chips) 
Seat 4: PokerAleman ($7.18 in chips) 
Seat 5: Dorex2007 ($5 in chips) 
Seat 6: acad2011 ($0.70 in chips) 
Seat 7: AGVsmarT ($2.01 in chips) 
Seat 8: yur4ik777 ($9.48 in chips) 
Seat 9: alpinopacino ($6.06 in chips) 
AGVsmarT: posts small blind $0.02
yur4ik777: posts big blind $0.05
*** HOLE CARDS ***
Dealt to Dorex2007 [3c Js]
alpinopacino: folds 
JORGE_JOCELIA: folds 
checabrita: folds 
geniuss: folds 
PokerAleman: folds 
Dorex2007: folds 
acad2011: folds 
AGVsmarT: calls $0.03
yur4ik777: checks 
*** FLOP *** [5s 6h As]
AGVsmarT: bets $0.10
yur4ik777: folds 
Uncalled bet ($0.10) returned to AGVsmarT
AGVsmarT collected $0.10 from pot
AGVsmarT: doesn't show hand 
*** SUMMARY ***
Total pot $0.10 | Rake $0 
Board [5s 6h As]
Seat 1: JORGE_JOCELIA folded before Flop (didn't bet)
Seat 2: checabrita folded before Flop (didn't bet)
Seat 3: geniuss folded before Flop (didn't bet)
Seat 4: PokerAleman folded before Flop (didn't bet)
Seat 5: Dorex2007 folded before Flop (didn't bet)
Seat 6: acad2011 (button) folded before Flop (didn't bet)
Seat 7: AGVsmarT (small blind) collected ($0.10)
Seat 8: yur4ik777 (big blind) folded on the Flop
Seat 9: alpinopacino folded before Flop (didn't bet)



PokerStars Hand #237633657039:  Hold'em No Limit ($0.02/$0.05 USD) - 2022/07/27 22:25:48 PT [2022/07/28 1:25:48 ET]
Table 'Mette' 9-max Seat #7 is the button
Seat 1: JORGE_JOCELIA ($7.14 in chips) 
Seat 2: checabrita ($5.48 in chips) 
Seat 3: geniuss ($5 in chips) 
Seat 4: PokerAleman ($7.18 in chips) 
Seat 5: Dorex2007 ($5 in chips) 
Seat 6: acad2011 ($0.70 in chips) 
Seat 7: AGVsmarT ($4.06 in chips) 
Seat 8: yur4ik777 ($9.43 in chips) 
Seat 9: alpinopacino ($6.06 in chips) 
yur4ik777: posts small blind $0.02
alpinopacino: posts big blind $0.05
*** HOLE CARDS ***
Dealt to Dorex2007 [2s 9d]
JORGE_JOCELIA: folds 
checabrita: folds 
geniuss: folds 
PokerAleman: raises $0.10 to $0.15
Dorex2007: folds 
acad2011: folds 
AGVsmarT: folds 
yur4ik777: folds 
alpinopacino: calls $0.10
*** FLOP *** [Ts 4h 3h]
alpinopacino: checks 
PokerAleman: bets $0.20
alpinopacino: folds 
Uncalled bet ($0.20) returned to PokerAleman
PokerAleman collected $0.31 from pot
PokerAleman: doesn't show hand 
*** SUMMARY ***
Total pot $0.32 | Rake $0.01 
Board [Ts 4h 3h]
Seat 1: JORGE_JOCELIA folded before Flop (didn't bet)
Seat 2: checabrita folded before Flop (didn't bet)
Seat 3: geniuss folded before Flop (didn't bet)
Seat 4: PokerAleman collected ($0.31)
Seat 5: Dorex2007 folded before Flop (didn't bet)
Seat 6: acad2011 folded before Flop (didn't bet)
Seat 7: AGVsmarT (button) folded before Flop (didn't bet)
Seat 8: yur4ik777 (small blind) folded before Flop
Seat 9: alpinopacino (big blind) folded on the Flop



PokerStars Hand #237633661494:  Hold'em No Limit ($0.02/$0.05 USD) - 2022/07/27 22:26:29 PT [2022/07/28 1:26:29 ET]
Table 'Mette' 9-max Seat #8 is the button
Seat 1: JORGE_JOCELIA ($7.14 in chips) 
Seat 2: checabrita ($5.48 in chips) 
Seat 3: geniuss ($5 in chips) 
Seat 4: PokerAleman ($7.34 in chips) 
Seat 5: Dorex2007 ($5 in chips) 
Seat 6: acad2011 ($0.70 in chips) 
Seat 7: AGVsmarT ($4.06 in chips) 
Seat 8: yur4ik777 ($9.41 in chips) 
Seat 9: alpinopacino ($5.91 in chips) 
alpinopacino: posts small blind $0.02
JORGE_JOCELIA: posts big blind $0.05
*** HOLE CARDS ***
Dealt to Dorex2007 [Qc Js]
checabrita: folds 
geniuss: folds 
PokerAleman: folds 
Dorex2007: calls $0.05
acad2011: folds 
AGVsmarT: folds 
yur4ik777: raises $0.19 to $0.24
alpinopacino: folds 
JORGE_JOCELIA: calls $0.19
Dorex2007: folds 
*** FLOP *** [Qs Tc 7d]
JORGE_JOCELIA: checks 
yur4ik777: checks 
*** TURN *** [Qs Tc 7d] [2h]
JORGE_JOCELIA: checks 
yur4ik777: bets $0.17
JORGE_JOCELIA: calls $0.17
*** RIVER *** [Qs Tc 7d 2h] [Kh]
JORGE_JOCELIA: checks 
yur4ik777: bets $0.92
JORGE_JOCELIA: folds 
Uncalled bet ($0.92) returned to yur4ik777
yur4ik777 collected $0.85 from pot
yur4ik777: doesn't show hand 
*** SUMMARY ***
Total pot $0.89 | Rake $0.04 
Board [Qs Tc 7d 2h Kh]
Seat 1: JORGE_JOCELIA (big blind) folded on the River
Seat 2: checabrita folded before Flop (didn't bet)
Seat 3: geniuss folded before Flop (didn't bet)
Seat 4: PokerAleman folded before Flop (didn't bet)
Seat 5: Dorex2007 folded before Flop
Seat 6: acad2011 folded before Flop (didn't bet)
Seat 7: AGVsmarT folded before Flop (didn't bet)
Seat 8: yur4ik777 (button) collected ($0.85)
Seat 9: alpinopacino (small blind) folded before Flop



PokerStars Hand #237633671307:  Hold'em No Limit ($0.02/$0.05 USD) - 2022/07/27 22:27:59 PT [2022/07/28 1:27:59 ET]
Table 'Mette' 9-max Seat #9 is the button
Seat 1: JORGE_JOCELIA ($6.73 in chips) 
Seat 2: checabrita ($5.48 in chips) 
Seat 3: geniuss ($5 in chips) 
Seat 4: PokerAleman ($7.34 in chips) 
Seat 5: Dorex2007 ($5 in chips) 
Seat 6: acad2011 ($0.70 in chips) 
Seat 7: AGVsmarT ($4.06 in chips) 
Seat 8: yur4ik777 ($9.85 in chips) 
Seat 9: alpinopacino ($5.89 in chips) 
JORGE_JOCELIA: posts small blind $0.02
checabrita: posts big blind $0.05
*** HOLE CARDS ***
Dealt to Dorex2007 [8s Th]
geniuss: raises $0.07 to $0.12
PokerAleman: folds 
Dorex2007: folds 
acad2011: calls $0.12
AGVsmarT: folds 
yur4ik777: calls $0.12
alpinopacino: calls $0.12
JORGE_JOCELIA: folds 
checabrita: folds 
*** FLOP *** [5c 2h Ad]
geniuss: checks 
acad2011: checks 
yur4ik777: checks 
alpinopacino: checks 
*** TURN *** [5c 2h Ad] [6s]
geniuss: bets $0.38
acad2011: folds 
yur4ik777: folds 
alpinopacino: folds 
Uncalled bet ($0.38) returned to geniuss
geniuss collected $0.53 from pot
*** SUMMARY ***
Total pot $0.55 | Rake $0.02 
Board [5c 2h Ad 6s]
Seat 1: JORGE_JOCELIA (small blind) folded before Flop
Seat 2: checabrita (big blind) folded before Flop
Seat 3: geniuss collected ($0.53)
Seat 4: PokerAleman folded before Flop (didn't bet)
Seat 5: Dorex2007 folded before Flop (didn't bet)
Seat 6: acad2011 folded on the Turn
Seat 7: AGVsmarT folded before Flop (didn't bet)
Seat 8: yur4ik777 folded on the Turn
Seat 9: alpinopacino (button) folded on the Turn



PokerStars Hand #237633680156:  Hold'em No Limit ($0.02/$0.05 USD) - 2022/07/27 22:29:22 PT [2022/07/28 1:29:22 ET]
Table 'Mette' 9-max Seat #1 is the button
Seat 1: JORGE_JOCELIA ($6.71 in chips) 
Seat 2: checabrita ($5.43 in chips) 
Seat 3: geniuss ($5.41 in chips) 
Seat 4: PokerAleman ($7.34 in chips) 
Seat 5: Dorex2007 ($5 in chips) 
Seat 6: acad2011 ($0.58 in chips) 
Seat 7: AGVsmarT ($4.06 in chips) 
Seat 8: yur4ik777 ($9.73 in chips) 
Seat 9: alpinopacino ($5.77 in chips) 
checabrita: posts small blind $0.02
geniuss: posts big blind $0.05
*** HOLE CARDS ***
Dealt to Dorex2007 [Qs Qh]
PokerAleman: folds 
Dorex2007: raises $0.10 to $0.15
acad2011: calls $0.15
AGVsmarT: raises $0.25 to $0.40
yur4ik777: folds 
alpinopacino: folds 
JORGE_JOCELIA: folds 
checabrita: folds 
geniuss: folds 
Dorex2007: calls $0.25
acad2011: raises $0.18 to $0.58 and is all-in
AGVsmarT: calls $0.18
Dorex2007: calls $0.18
*** FLOP *** [Qd 6d Ad]
Dorex2007: bets $1.15
AGVsmarT: folds 
Uncalled bet ($1.15) returned to Dorex2007
*** TURN *** [Qd 6d Ad] [9s]
*** RIVER *** [Qd 6d Ad 9s] [3h]
*** SHOW DOWN ***
Dorex2007: shows [Qs Qh] (three of a kind, Queens)
acad2011: shows [Kc Ah] (a pair of Aces)
Dorex2007 cashed out the hand for $1.62 | Cash Out Fee $0.02
*** SUMMARY ***
Total pot $1.81 | Rake $0.08 
Board [Qd 6d Ad 9s 3h]
Seat 1: JORGE_JOCELIA (button) folded before Flop (didn't bet)
Seat 2: checabrita (small blind) folded before Flop
Seat 3: geniuss (big blind) folded before Flop
Seat 4: PokerAleman folded before Flop (didn't bet)
Seat 5: Dorex2007 showed [Qs Qh] and won ($1.73) with three of a kind, Queens (pot not awarded as player cashed out)
Seat 6: acad2011 showed [Kc Ah] and lost with a pair of Aces
Seat 7: AGVsmarT folded on the Flop
Seat 8: yur4ik777 folded before Flop (didn't bet)
Seat 9: alpinopacino folded before Flop (didn't bet)



PokerStars Hand #237633687846:  Hold'em No Limit ($0.02/$0.05 USD) - 2022/07/27 22:30:32 PT [2022/07/28 1:30:32 ET]
Table 'Mette' 9-max Seat #2 is the button
Seat 1: JORGE_JOCELIA ($6.71 in chips) 
Seat 2: checabrita ($5.41 in chips) 
Seat 3: geniuss ($5.36 in chips) 
Seat 4: PokerAleman ($7.34 in chips) 
Seat 5: Dorex2007 ($6.04 in chips) 
Seat 7: AGVsmarT ($3.48 in chips) 
Seat 8: yur4ik777 ($9.73 in chips) 
Seat 9: alpinopacino ($5.77 in chips) 
geniuss: posts small blind $0.02
PokerAleman: posts big blind $0.05
*** HOLE CARDS ***
Dealt to Dorex2007 [Js 7d]
Dorex2007: folds 
AGVsmarT: folds 
yur4ik777: folds 
alpinopacino: folds 
JORGE_JOCELIA: folds 
checabrita: raises $0.08 to $0.13
acad2011 leaves the table
alexahk joins the table at seat #6 
geniuss: folds 
PokerAleman: raises $0.32 to $0.45
checabrita: calls $0.32
*** FLOP *** [Qd 3c 9h]
PokerAleman: bets $0.45
checabrita: folds 
Uncalled bet ($0.45) returned to PokerAleman
PokerAleman collected $0.88 from pot
PokerAleman: doesn't show hand 
*** SUMMARY ***
Total pot $0.92 | Rake $0.04 
Board [Qd 3c 9h]
Seat 1: JORGE_JOCELIA folded before Flop (didn't bet)
Seat 2: checabrita (button) folded on the Flop
Seat 3: geniuss (small blind) folded before Flop
Seat 4: PokerAleman (big blind) collected ($0.88)
Seat 5: Dorex2007 folded before Flop (didn't bet)
Seat 7: AGVsmarT folded before Flop (didn't bet)
Seat 8: yur4ik777 folded before Flop (didn't bet)
Seat 9: alpinopacino folded before Flop (didn't bet)



PokerStars Hand #237633692437:  Hold'em No Limit ($0.02/$0.05 USD) - 2022/07/27 22:31:15 PT [2022/07/28 1:31:15 ET]
Table 'Mette' 9-max Seat #3 is the button
Seat 1: JORGE_JOCELIA ($6.71 in chips) 
Seat 2: checabrita ($5 in chips) 
Seat 3: geniuss ($5.34 in chips) 
Seat 4: PokerAleman ($7.77 in chips) 
Seat 5: Dorex2007 ($6.04 in chips) 
Seat 7: AGVsmarT ($3.48 in chips) 
Seat 8: yur4ik777 ($9.73 in chips) 
Seat 9: alpinopacino ($5.77 in chips) 
PokerAleman: posts small blind $0.02
Dorex2007: posts big blind $0.05
alexahk: sits out 
*** HOLE CARDS ***
Dealt to Dorex2007 [Qs Th]
AGVsmarT: folds 
yur4ik777: folds 
alpinopacino: calls $0.05
JORGE_JOCELIA: folds 
checabrita: folds 
geniuss: folds 
PokerAleman: calls $0.03
Dorex2007: checks 
*** FLOP *** [6s Ts 5d]
PokerAleman: bets $0.14
Dorex2007: raises $0.16 to $0.30
alpinopacino: folds 
PokerAleman: calls $0.16
*** TURN *** [6s Ts 5d] [Jd]
PokerAleman: checks 
Dorex2007: checks 
*** RIVER *** [6s Ts 5d Jd] [8d]
PokerAleman: checks 
Dorex2007: checks 
*** SHOW DOWN ***
PokerAleman: shows [7d 5c] (a pair of Fives)
Dorex2007: shows [Qs Th] (a pair of Tens)
Dorex2007 collected $0.72 from pot
*** SUMMARY ***
Total pot $0.75 | Rake $0.03 
Board [6s Ts 5d Jd 8d]
Seat 1: JORGE_JOCELIA folded before Flop (didn't bet)
Seat 2: checabrita folded before Flop (didn't bet)
Seat 3: geniuss (button) folded before Flop (didn't bet)
Seat 4: PokerAleman (small blind) showed [7d 5c] and lost with a pair of Fives
Seat 5: Dorex2007 (big blind) showed [Qs Th] and won ($0.72) with a pair of Tens
Seat 7: AGVsmarT folded before Flop (didn't bet)
Seat 8: yur4ik777 folded before Flop (didn't bet)
Seat 9: alpinopacino folded on the Flop



PokerStars Hand #237633698598:  Hold'em No Limit ($0.02/$0.05 USD) - 2022/07/27 22:32:12 PT [2022/07/28 1:32:12 ET]
Table 'Mette' 9-max Seat #4 is the button
Seat 1: JORGE_JOCELIA ($6.71 in chips) 
Seat 2: checabrita ($5 in chips) 
Seat 3: geniuss ($5.34 in chips) 
Seat 4: PokerAleman ($7.42 in chips) 
Seat 5: Dorex2007 ($6.41 in chips) 
Seat 6: alexahk ($5 in chips) 
Seat 7: AGVsmarT ($3.48 in chips) 
Seat 8: yur4ik777 ($9.73 in chips) 
Seat 9: alpinopacino ($5.72 in chips) 
Dorex2007: posts small blind $0.02
alexahk: posts big blind $0.05
*** HOLE CARDS ***
Dealt to Dorex2007 [6c Qh]
AGVsmarT: folds 
yur4ik777: raises $0.10 to $0.15
alpinopacino: calls $0.15
JORGE_JOCELIA: calls $0.15
checabrita: folds 
geniuss: folds 
PokerAleman: calls $0.15
Dorex2007: folds 
alexahk: folds 
*** FLOP *** [3d 8h Ah]
yur4ik777: checks 
alpinopacino: checks 
JORGE_JOCELIA: bets $0.32
PokerAleman: calls $0.32
yur4ik777: folds 
alpinopacino: folds 
*** TURN *** [3d 8h Ah] [3s]
JORGE_JOCELIA: bets $0.63
PokerAleman: folds 
Uncalled bet ($0.63) returned to JORGE_JOCELIA
JORGE_JOCELIA collected $1.26 from pot
JORGE_JOCELIA: doesn't show hand 
*** SUMMARY ***
Total pot $1.31 | Rake $0.05 
Board [3d 8h Ah 3s]
Seat 1: JORGE_JOCELIA collected ($1.26)
Seat 2: checabrita folded before Flop (didn't bet)
Seat 3: geniuss folded before Flop (didn't bet)
Seat 4: PokerAleman (button) folded on the Turn
Seat 5: Dorex2007 (small blind) folded before Flop
Seat 6: alexahk (big blind) folded before Flop
Seat 7: AGVsmarT folded before Flop (didn't bet)
Seat 8: yur4ik777 folded on the Flop
Seat 9: alpinopacino folded on the Flop



PokerStars Hand #237633704610:  Hold'em No Limit ($0.02/$0.05 USD) - 2022/07/27 22:33:08 PT [2022/07/28 1:33:08 ET]
Table 'Mette' 9-max Seat #5 is the button
Seat 1: JORGE_JOCELIA ($7.50 in chips) 
Seat 2: checabrita ($5 in chips) 
Seat 3: geniuss ($5.34 in chips) 
Seat 4: PokerAleman ($6.95 in chips) 
Seat 5: Dorex2007 ($6.39 in chips) 
Seat 6: alexahk ($5 in chips) 
Seat 7: AGVsmarT ($3.48 in chips) 
Seat 8: yur4ik777 ($9.58 in chips) 
Seat 9: alpinopacino ($5.57 in chips) 
alexahk: posts small blind $0.02
AGVsmarT: posts big blind $0.05
*** HOLE CARDS ***
Dealt to Dorex2007 [3s 8h]
yur4ik777: folds 
alpinopacino: folds 
JORGE_JOCELIA: raises $0.10 to $0.15
checabrita: folds 
geniuss: folds 
PokerAleman: folds 
Dorex2007: folds 
alexahk: folds 
AGVsmarT: folds 
Uncalled bet ($0.10) returned to JORGE_JOCELIA
JORGE_JOCELIA collected $0.12 from pot
JORGE_JOCELIA: doesn't show hand 
*** SUMMARY ***
Total pot $0.12 | Rake $0 
Seat 1: JORGE_JOCELIA collected ($0.12)
Seat 2: checabrita folded before Flop (didn't bet)
Seat 3: geniuss folded before Flop (didn't bet)
Seat 4: PokerAleman folded before Flop (didn't bet)
Seat 5: Dorex2007 (button) folded before Flop (didn't bet)
Seat 6: alexahk (small blind) folded before Flop
Seat 7: AGVsmarT (big blind) folded before Flop
Seat 8: yur4ik777 folded before Flop (didn't bet)
Seat 9: alpinopacino folded before Flop (didn't bet)



PokerStars Hand #237633707535:  Hold'em No Limit ($0.02/$0.05 USD) - 2022/07/27 22:33:35 PT [2022/07/28 1:33:35 ET]
Table 'Mette' 9-max Seat #6 is the button
Seat 1: JORGE_JOCELIA ($7.57 in chips) 
Seat 2: checabrita ($5 in chips) 
Seat 3: geniuss ($5.34 in chips) 
Seat 4: PokerAleman ($6.95 in chips) 
Seat 5: Dorex2007 ($6.39 in chips) 
Seat 6: alexahk ($5 in chips) 
Seat 7: AGVsmarT ($3.43 in chips) 
Seat 8: yur4ik777 ($9.58 in chips) 
Seat 9: alpinopacino ($5.57 in chips) 
AGVsmarT: posts small blind $0.02
yur4ik777: posts big blind $0.05
*** HOLE CARDS ***
Dealt to Dorex2007 [6d 6c]
alpinopacino: folds 
JORGE_JOCELIA: folds 
checabrita: folds 
geniuss: folds 
PokerAleman: folds 
Dorex2007 has timed out
Dorex2007: folds 
alexahk: raises $0.10 to $0.15
AGVsmarT: folds 
yur4ik777: folds 
Uncalled bet ($0.10) returned to alexahk
alexahk collected $0.12 from pot
alexahk: doesn't show hand 
*** SUMMARY ***
Total pot $0.12 | Rake $0 
Seat 1: JORGE_JOCELIA folded before Flop (didn't bet)
Seat 2: checabrita folded before Flop (didn't bet)
Seat 3: geniuss folded before Flop (didn't bet)
Seat 4: PokerAleman folded before Flop (didn't bet)
Seat 5: Dorex2007 folded before Flop (didn't bet)
Seat 6: alexahk (button) collected ($0.12)
Seat 7: AGVsmarT (small blind) folded before Flop
Seat 8: yur4ik777 (big blind) folded before Flop
Seat 9: alpinopacino folded before Flop (didn't bet)



PokerStars Hand #237633711830:  Hold'em No Limit ($0.02/$0.05 USD) - 2022/07/27 22:34:14 PT [2022/07/28 1:34:14 ET]
Table 'Mette' 9-max Seat #7 is the button
Seat 1: JORGE_JOCELIA ($7.57 in chips) 
Seat 2: checabrita ($5 in chips) 
Seat 3: geniuss ($5.34 in chips) 
Seat 4: PokerAleman ($6.95 in chips) 
Seat 5: Dorex2007 ($6.39 in chips) 
Seat 6: alexahk ($5.07 in chips) 
Seat 7: AGVsmarT ($3.41 in chips) 
Seat 8: yur4ik777 ($9.53 in chips) 
Seat 9: alpinopacino ($5.57 in chips) 
yur4ik777: posts small blind $0.02
alpinopacino: posts big blind $0.05
*** HOLE CARDS ***
Dealt to Dorex2007 [6s 4s]
JORGE_JOCELIA: folds 
checabrita: folds 
geniuss: folds 
PokerAleman: raises $0.10 to $0.15
Dorex2007: folds 
alexahk: folds 
AGVsmarT: folds 
yur4ik777: folds 
alpinopacino: calls $0.10
*** FLOP *** [5d 3c Qc]
alpinopacino: checks 
PokerAleman: bets $0.20
alpinopacino: folds 
Uncalled bet ($0.20) returned to PokerAleman
PokerAleman collected $0.31 from pot
PokerAleman: doesn't show hand 
*** SUMMARY ***
Total pot $0.32 | Rake $0.01 
Board [5d 3c Qc]
Seat 1: JORGE_JOCELIA folded before Flop (didn't bet)
Seat 2: checabrita folded before Flop (didn't bet)
Seat 3: geniuss folded before Flop (didn't bet)
Seat 4: PokerAleman collected ($0.31)
Seat 5: Dorex2007 folded before Flop (didn't bet)
Seat 6: alexahk folded before Flop (didn't bet)
Seat 7: AGVsmarT (button) folded before Flop (didn't bet)
Seat 8: yur4ik777 (small blind) folded before Flop
Seat 9: alpinopacino (big blind) folded on the Flop



PokerStars Hand #237633716305:  Hold'em No Limit ($0.02/$0.05 USD) - 2022/07/27 22:34:56 PT [2022/07/28 1:34:56 ET]
Table 'Mette' 9-max Seat #8 is the button
Seat 1: JORGE_JOCELIA ($7.57 in chips) 
Seat 2: checabrita ($5 in chips) 
Seat 3: geniuss ($5.34 in chips) 
Seat 4: PokerAleman ($7.11 in chips) 
Seat 5: Dorex2007 ($6.39 in chips) 
Seat 6: alexahk ($5.07 in chips) 
Seat 7: AGVsmarT ($3.41 in chips) 
Seat 8: yur4ik777 ($9.51 in chips) 
Seat 9: alpinopacino ($5.42 in chips) 
alpinopacino: posts small blind $0.02
JORGE_JOCELIA: posts big blind $0.05
*** HOLE CARDS ***
Dealt to Dorex2007 [2s 2h]
checabrita: folds 
geniuss: folds 
PokerAleman: folds 
Dorex2007: folds 
alexahk: folds 
AGVsmarT: folds 
yur4ik777: folds 
alpinopacino: raises $0.10 to $0.15
JORGE_JOCELIA: folds 
Uncalled bet ($0.10) returned to alpinopacino
alpinopacino collected $0.10 from pot
*** SUMMARY ***
Total pot $0.10 | Rake $0 
Seat 1: JORGE_JOCELIA (big blind) folded before Flop
Seat 2: checabrita folded before Flop (didn't bet)
Seat 3: geniuss folded before Flop (didn't bet)
Seat 4: PokerAleman folded before Flop (didn't bet)
Seat 5: Dorex2007 folded before Flop (didn't bet)
Seat 6: alexahk folded before Flop (didn't bet)
Seat 7: AGVsmarT folded before Flop (didn't bet)
Seat 8: yur4ik777 (button) folded before Flop (didn't bet)
Seat 9: alpinopacino (small blind) collected ($0.10)



PokerStars Hand #237633719541:  Hold'em No Limit ($0.02/$0.05 USD) - 2022/07/27 22:35:26 PT [2022/07/28 1:35:26 ET]
Table 'Mette' 9-max Seat #9 is the button
Seat 1: JORGE_JOCELIA ($7.52 in chips) 
Seat 2: checabrita ($5 in chips) 
Seat 3: geniuss ($5.34 in chips) 
Seat 4: PokerAleman ($7.11 in chips) 
Seat 5: Dorex2007 ($6.39 in chips) 
Seat 6: alexahk ($5.07 in chips) 
Seat 7: AGVsmarT ($3.41 in chips) 
Seat 8: yur4ik777 ($9.51 in chips) 
Seat 9: alpinopacino ($5.47 in chips) 
JORGE_JOCELIA: posts small blind $0.02
checabrita: posts big blind $0.05
*** HOLE CARDS ***
Dealt to Dorex2007 [Kc 4c]
geniuss: folds 
PokerAleman: folds 
Dorex2007: folds 
alexahk: raises $0.15 to $0.20
AGVsmarT: calls $0.20
yur4ik777: calls $0.20
alpinopacino: folds 
JORGE_JOCELIA: folds 
checabrita: folds 
*** FLOP *** [Qc 6h Kh]
alexahk: checks 
AGVsmarT: checks 
yur4ik777: checks 
*** TURN *** [Qc 6h Kh] [4d]
alexahk: checks 
AGVsmarT: checks 
yur4ik777: bets $0.21
alexahk: calls $0.21
AGVsmarT: folds 
*** RIVER *** [Qc 6h Kh 4d] [Th]
alexahk: checks 
yur4ik777: checks 
*** SHOW DOWN ***
alexahk: shows [9h 9d] (a pair of Nines)
yur4ik777: shows [Jh Jd] (a pair of Jacks)
yur4ik777 collected $1.04 from pot
*** SUMMARY ***
Total pot $1.09 | Rake $0.05 
Board [Qc 6h Kh 4d Th]
Seat 1: JORGE_JOCELIA (small blind) folded before Flop
Seat 2: checabrita (big blind) folded before Flop
Seat 3: geniuss folded before Flop (didn't bet)
Seat 4: PokerAleman folded before Flop (didn't bet)
Seat 5: Dorex2007 folded before Flop (didn't bet)
Seat 6: alexahk showed [9h 9d] and lost with a pair of Nines
Seat 7: AGVsmarT folded on the Turn
Seat 8: yur4ik777 showed [Jh Jd] and won ($1.04) with a pair of Jacks
Seat 9: alpinopacino (button) folded before Flop (didn't bet)



PokerStars Hand #237633728447:  Hold'em No Limit ($0.02/$0.05 USD) - 2022/07/27 22:36:49 PT [2022/07/28 1:36:49 ET]
Table 'Mette' 9-max Seat #1 is the button
Seat 1: JORGE_JOCELIA ($7.50 in chips) 
Seat 2: checabrita ($5 in chips) 
Seat 3: geniuss ($5.34 in chips) 
Seat 4: PokerAleman ($7.11 in chips) 
Seat 5: Dorex2007 ($6.39 in chips) 
Seat 6: alexahk ($5 in chips) 
Seat 7: AGVsmarT ($3.21 in chips) 
Seat 8: yur4ik777 ($10.14 in chips) 
Seat 9: alpinopacino ($5.47 in chips) 
checabrita: posts small blind $0.02
geniuss: posts big blind $0.05
*** HOLE CARDS ***
Dealt to Dorex2007 [9c As]
PokerAleman: folds 
Dorex2007: folds 
alexahk: raises $0.15 to $0.20
AGVsmarT: folds 
yur4ik777: folds 
alpinopacino: calls $0.20
JORGE_JOCELIA: folds 
checabrita: folds 
geniuss: folds 
*** FLOP *** [Jh 3d Ts]
alexahk: bets $0.30
alpinopacino: calls $0.30
*** TURN *** [Jh 3d Ts] [3h]
alexahk: bets $0.55
alpinopacino: calls $0.55
*** RIVER *** [Jh 3d Ts 3h] [6d]
alexahk: bets $3.95 and is all-in
alpinopacino: calls $3.95
*** SHOW DOWN ***
alexahk: shows [Kd Jc] (two pair, Jacks and Threes)
alpinopacino: shows [Jd Js] (a full house, Jacks full of Threes)
alpinopacino collected $9.65 from pot
*** SUMMARY ***
Total pot $10.07 | Rake $0.42 
Board [Jh 3d Ts 3h 6d]
Seat 1: JORGE_JOCELIA (button) folded before Flop (didn't bet)
Seat 2: checabrita (small blind) folded before Flop
Seat 3: geniuss (big blind) folded before Flop
Seat 4: PokerAleman folded before Flop (didn't bet)
Seat 5: Dorex2007 folded before Flop (didn't bet)
Seat 6: alexahk showed [Kd Jc] and lost with two pair, Jacks and Threes
Seat 7: AGVsmarT folded before Flop (didn't bet)
Seat 8: yur4ik777 folded before Flop (didn't bet)
Seat 9: alpinopacino showed [Jd Js] and won ($9.65) with a full house, Jacks full of Threes



PokerStars Hand #237633734982:  Hold'em No Limit ($0.02/$0.05 USD) - 2022/07/27 22:37:49 PT [2022/07/28 1:37:49 ET]
Table 'Mette' 9-max Seat #2 is the button
Seat 1: JORGE_JOCELIA ($7.50 in chips) 
Seat 2: checabrita ($5 in chips) 
Seat 3: geniuss ($5.29 in chips) 
Seat 4: PokerAleman ($7.11 in chips) 
Seat 5: Dorex2007 ($6.39 in chips) 
Seat 6: alexahk ($5 in chips) 
Seat 7: AGVsmarT ($3.21 in chips) 
Seat 8: yur4ik777 ($10.14 in chips) 
Seat 9: alpinopacino ($10.12 in chips) 
geniuss: posts small blind $0.02
PokerAleman: posts big blind $0.05
*** HOLE CARDS ***
Dealt to Dorex2007 [3s Kh]
Dorex2007: folds 
alexahk: folds 
AGVsmarT: folds 
yur4ik777: folds 
alpinopacino: folds 
JORGE_JOCELIA: raises $0.10 to $0.15
checabrita: folds 
geniuss: folds 
PokerAleman: folds 
Uncalled bet ($0.10) returned to JORGE_JOCELIA
JORGE_JOCELIA collected $0.12 from pot
JORGE_JOCELIA: doesn't show hand 
*** SUMMARY ***
Total pot $0.12 | Rake $0 
Seat 1: JORGE_JOCELIA collected ($0.12)
Seat 2: checabrita (button) folded before Flop (didn't bet)
Seat 3: geniuss (small blind) folded before Flop
Seat 4: PokerAleman (big blind) folded before Flop
Seat 5: Dorex2007 folded before Flop (didn't bet)
Seat 6: alexahk folded before Flop (didn't bet)
Seat 7: AGVsmarT folded before Flop (didn't bet)
Seat 8: yur4ik777 folded before Flop (didn't bet)
Seat 9: alpinopacino folded before Flop (didn't bet)



PokerStars Hand #237633737026:  Hold'em No Limit ($0.02/$0.05 USD) - 2022/07/27 22:38:08 PT [2022/07/28 1:38:08 ET]
Table 'Mette' 9-max Seat #3 is the button
Seat 1: JORGE_JOCELIA ($7.57 in chips) 
Seat 2: checabrita ($5 in chips) 
Seat 3: geniuss ($5.27 in chips) 
Seat 4: PokerAleman ($7.06 in chips) 
Seat 5: Dorex2007 ($6.39 in chips) 
Seat 6: alexahk ($5 in chips) 
Seat 7: AGVsmarT ($3.21 in chips) 
Seat 8: yur4ik777 ($10.14 in chips) 
Seat 9: alpinopacino ($10.12 in chips) 
PokerAleman: posts small blind $0.02
Dorex2007: posts big blind $0.05
*** HOLE CARDS ***
Dealt to Dorex2007 [9d 8h]
alexahk: folds 
AGVsmarT: folds 
yur4ik777: folds 
alpinopacino: folds 
JORGE_JOCELIA: folds 
checabrita: folds 
geniuss: folds 
PokerAleman: raises $0.10 to $0.15
Dorex2007: folds 
Uncalled bet ($0.10) returned to PokerAleman
PokerAleman collected $0.10 from pot
PokerAleman: doesn't show hand 
*** SUMMARY ***
Total pot $0.10 | Rake $0 
Seat 1: JORGE_JOCELIA folded before Flop (didn't bet)
Seat 2: checabrita folded before Flop (didn't bet)
Seat 3: geniuss (button) folded before Flop (didn't bet)
Seat 4: PokerAleman (small blind) collected ($0.10)
Seat 5: Dorex2007 (big blind) folded before Flop
Seat 6: alexahk folded before Flop (didn't bet)
Seat 7: AGVsmarT folded before Flop (didn't bet)
Seat 8: yur4ik777 folded before Flop (didn't bet)
Seat 9: alpinopacino folded before Flop (didn't bet)



PokerStars Hand #237633739177:  Hold'em No Limit ($0.02/$0.05 USD) - 2022/07/27 22:38:27 PT [2022/07/28 1:38:27 ET]
Table 'Mette' 9-max Seat #4 is the button
Seat 1: JORGE_JOCELIA ($7.57 in chips) 
Seat 2: checabrita ($5 in chips) 
Seat 3: geniuss ($5.27 in chips) 
Seat 4: PokerAleman ($7.11 in chips) 
Seat 5: Dorex2007 ($6.34 in chips) 
Seat 6: alexahk ($5 in chips) 
Seat 7: AGVsmarT ($3.21 in chips) 
Seat 8: yur4ik777 ($10.14 in chips) 
Seat 9: alpinopacino ($10.12 in chips) 
Dorex2007: posts small blind $0.02
alexahk: posts big blind $0.05
*** HOLE CARDS ***
Dealt to Dorex2007 [Qc 3c]
AGVsmarT: raises $0.12 to $0.17
yur4ik777: folds 
alpinopacino: folds 
JORGE_JOCELIA: folds 
checabrita: folds 
geniuss: folds 
PokerAleman: calls $0.17
Dorex2007: folds 
alexahk: folds 
*** FLOP *** [7s Kc 2h]
AGVsmarT: bets $0.10
PokerAleman: raises $0.25 to $0.35
AGVsmarT: folds 
Uncalled bet ($0.25) returned to PokerAleman
PokerAleman collected $0.58 from pot
PokerAleman: doesn't show hand 
*** SUMMARY ***
Total pot $0.61 | Rake $0.03 
Board [7s Kc 2h]
Seat 1: JORGE_JOCELIA folded before Flop (didn't bet)
Seat 2: checabrita folded before Flop (didn't bet)
Seat 3: geniuss folded before Flop (didn't bet)
Seat 4: PokerAleman (button) collected ($0.58)
Seat 5: Dorex2007 (small blind) folded before Flop
Seat 6: alexahk (big blind) folded before Flop
Seat 7: AGVsmarT folded on the Flop
Seat 8: yur4ik777 folded before Flop (didn't bet)
Seat 9: alpinopacino folded before Flop (didn't bet)



PokerStars Hand #237633742665:  Hold'em No Limit ($0.02/$0.05 USD) - 2022/07/27 22:38:59 PT [2022/07/28 1:38:59 ET]
Table 'Mette' 9-max Seat #5 is the button
Seat 1: JORGE_JOCELIA ($7.57 in chips) 
Seat 2: checabrita ($5 in chips) 
Seat 3: geniuss ($5.27 in chips) 
Seat 4: PokerAleman ($7.42 in chips) 
Seat 5: Dorex2007 ($6.32 in chips) 
Seat 6: alexahk ($5 in chips) 
Seat 7: AGVsmarT ($2.94 in chips) 
Seat 8: yur4ik777 ($10.14 in chips) 
Seat 9: alpinopacino ($10.12 in chips) 
alexahk: posts small blind $0.02
AGVsmarT: posts big blind $0.05
*** HOLE CARDS ***
Dealt to Dorex2007 [Ah 2c]
yur4ik777: folds 
alpinopacino: folds 
JORGE_JOCELIA: raises $0.10 to $0.15
checabrita: folds 
geniuss: folds 
PokerAleman: folds 
Dorex2007: folds 
alexahk: folds 
AGVsmarT: folds 
Uncalled bet ($0.10) returned to JORGE_JOCELIA
JORGE_JOCELIA collected $0.12 from pot
JORGE_JOCELIA: doesn't show hand 
*** SUMMARY ***
Total pot $0.12 | Rake $0 
Seat 1: JORGE_JOCELIA collected ($0.12)
Seat 2: checabrita folded before Flop (didn't bet)
Seat 3: geniuss folded before Flop (didn't bet)
Seat 4: PokerAleman folded before Flop (didn't bet)
Seat 5: Dorex2007 (button) folded before Flop (didn't bet)
Seat 6: alexahk (small blind) folded before Flop
Seat 7: AGVsmarT (big blind) folded before Flop
Seat 8: yur4ik777 folded before Flop (didn't bet)
Seat 9: alpinopacino folded before Flop (didn't bet)



PokerStars Hand #237633745654:  Hold'em No Limit ($0.02/$0.05 USD) - 2022/07/27 22:39:27 PT [2022/07/28 1:39:27 ET]
Table 'Mette' 9-max Seat #6 is the button
Seat 1: JORGE_JOCELIA ($7.64 in chips) 
Seat 2: checabrita ($5 in chips) 
Seat 3: geniuss ($5.27 in chips) 
Seat 4: PokerAleman ($7.42 in chips) 
Seat 5: Dorex2007 ($6.32 in chips) 
Seat 6: alexahk ($5 in chips) 
Seat 7: AGVsmarT ($2.89 in chips) 
Seat 8: yur4ik777 ($10.14 in chips) 
Seat 9: alpinopacino ($10.12 in chips) 
AGVsmarT: posts small blind $0.02
yur4ik777: posts big blind $0.05
*** HOLE CARDS ***
Dealt to Dorex2007 [Jh Ah]
alpinopacino: folds 
JORGE_JOCELIA: folds 
checabrita: folds 
geniuss: folds 
PokerAleman: folds 
Dorex2007: raises $0.05 to $0.10
alexahk: raises $0.20 to $0.30
AGVsmarT: folds 
yur4ik777: folds 
Dorex2007: calls $0.20
*** FLOP *** [6s Td Ac]
Dorex2007: bets $0.32
alexahk: folds 
Uncalled bet ($0.32) returned to Dorex2007
Dorex2007 collected $0.64 from pot
Dorex2007: doesn't show hand 
*** SUMMARY ***
Total pot $0.67 | Rake $0.03 
Board [6s Td Ac]
Seat 1: JORGE_JOCELIA folded before Flop (didn't bet)
Seat 2: checabrita folded before Flop (didn't bet)
Seat 3: geniuss folded before Flop (didn't bet)
Seat 4: PokerAleman folded before Flop (didn't bet)
Seat 5: Dorex2007 collected ($0.64)
Seat 6: alexahk (button) folded on the Flop
Seat 7: AGVsmarT (small blind) folded before Flop
Seat 8: yur4ik777 (big blind) folded before Flop
Seat 9: alpinopacino folded before Flop (didn't bet)



PokerStars Hand #237633754644:  Hold'em No Limit ($0.02/$0.05 USD) - 2022/07/27 22:40:20 PT [2022/07/28 1:40:20 ET]
Table 'Mette' 9-max Seat #7 is the button
Seat 1: JORGE_JOCELIA ($7.64 in chips) 
Seat 2: checabrita ($5 in chips) 
Seat 3: geniuss ($5.27 in chips) 
Seat 4: PokerAleman ($7.42 in chips) 
Seat 5: Dorex2007 ($6.66 in chips) 
Seat 6: alexahk ($5 in chips) 
Seat 7: AGVsmarT ($2.87 in chips) 
Seat 8: yur4ik777 ($10.09 in chips) 
Seat 9: alpinopacino ($10.12 in chips) 
yur4ik777: posts small blind $0.02
alpinopacino: posts big blind $0.05
*** HOLE CARDS ***
Dealt to Dorex2007 [3c 3s]
JORGE_JOCELIA: folds 
checabrita: raises $0.10 to $0.15
geniuss: folds 
PokerAleman: folds 
Dorex2007: folds 
alexahk: folds 
AGVsmarT: folds 
yur4ik777: folds 
alpinopacino: folds 
Uncalled bet ($0.10) returned to checabrita
checabrita collected $0.12 from pot
checabrita: doesn't show hand 
*** SUMMARY ***
Total pot $0.12 | Rake $0 
Seat 1: JORGE_JOCELIA folded before Flop (didn't bet)
Seat 2: checabrita collected ($0.12)
Seat 3: geniuss folded before Flop (didn't bet)
Seat 4: PokerAleman folded before Flop (didn't bet)
Seat 5: Dorex2007 folded before Flop (didn't bet)
Seat 6: alexahk folded before Flop (didn't bet)
Seat 7: AGVsmarT (button) folded before Flop (didn't bet)
Seat 8: yur4ik777 (small blind) folded before Flop
Seat 9: alpinopacino (big blind) folded before Flop



PokerStars Hand #237633757064:  Hold'em No Limit ($0.02/$0.05 USD) - 2022/07/27 22:40:42 PT [2022/07/28 1:40:42 ET]
Table 'Mette' 9-max Seat #8 is the button
Seat 1: JORGE_JOCELIA ($7.64 in chips) 
Seat 2: checabrita ($5.07 in chips) 
Seat 3: geniuss ($5.27 in chips) 
Seat 4: PokerAleman ($7.42 in chips) 
Seat 5: Dorex2007 ($6.66 in chips) 
Seat 6: alexahk ($5 in chips) 
Seat 7: AGVsmarT ($2.87 in chips) 
Seat 8: yur4ik777 ($10.07 in chips) 
Seat 9: alpinopacino ($10.07 in chips) 
alpinopacino: posts small blind $0.02
JORGE_JOCELIA: posts big blind $0.05
*** HOLE CARDS ***
Dealt to Dorex2007 [4h 3d]
checabrita: folds 
geniuss: folds 
PokerAleman: folds 
Dorex2007: folds 
alexahk: raises $0.15 to $0.20
AGVsmarT: calls $0.20
yur4ik777: folds 
alpinopacino: folds 
JORGE_JOCELIA: folds 
*** FLOP *** [Ks Qh 7s]
alexahk: bets $0.30
AGVsmarT: folds 
Uncalled bet ($0.30) returned to alexahk
alexahk collected $0.45 from pot
alexahk: doesn't show hand 
*** SUMMARY ***
Total pot $0.47 | Rake $0.02 
Board [Ks Qh 7s]
Seat 1: JORGE_JOCELIA (big blind) folded before Flop
Seat 2: checabrita folded before Flop (didn't bet)
Seat 3: geniuss folded before Flop (didn't bet)
Seat 4: PokerAleman folded before Flop (didn't bet)
Seat 5: Dorex2007 folded before Flop (didn't bet)
Seat 6: alexahk collected ($0.45)
Seat 7: AGVsmarT folded on the Flop
Seat 8: yur4ik777 (button) folded before Flop (didn't bet)
Seat 9: alpinopacino (small blind) folded before Flop



PokerStars Hand #237633761926:  Hold'em No Limit ($0.02/$0.05 USD) - 2022/07/27 22:41:27 PT [2022/07/28 1:41:27 ET]
Table 'Mette' 9-max Seat #9 is the button
Seat 1: JORGE_JOCELIA ($7.59 in chips) 
Seat 2: checabrita ($5.07 in chips) 
Seat 3: geniuss ($5.27 in chips) 
Seat 4: PokerAleman ($7.42 in chips) 
Seat 5: Dorex2007 ($6.66 in chips) 
Seat 6: alexahk ($5.25 in chips) 
Seat 7: AGVsmarT ($2.67 in chips) 
Seat 8: yur4ik777 ($10.07 in chips) 
Seat 9: alpinopacino ($10.05 in chips) 
JORGE_JOCELIA: posts small blind $0.02
checabrita: posts big blind $0.05
*** HOLE CARDS ***
Dealt to Dorex2007 [6s 7d]
geniuss: folds 
PokerAleman: folds 
Dorex2007: folds 
alexahk: folds 
AGVsmarT: folds 
yur4ik777: raises $0.10 to $0.15
alpinopacino: calls $0.15
JORGE_JOCELIA: folds 
checabrita: folds 
*** FLOP *** [Tc Kc 2s]
yur4ik777: checks 
alpinopacino: bets $0.17
yur4ik777: folds 
Uncalled bet ($0.17) returned to alpinopacino
alpinopacino collected $0.35 from pot
*** SUMMARY ***
Total pot $0.37 | Rake $0.02 
Board [Tc Kc 2s]
Seat 1: JORGE_JOCELIA (small blind) folded before Flop
Seat 2: checabrita (big blind) folded before Flop
Seat 3: geniuss folded before Flop (didn't bet)
Seat 4: PokerAleman folded before Flop (didn't bet)
Seat 5: Dorex2007 folded before Flop (didn't bet)
Seat 6: alexahk folded before Flop (didn't bet)
Seat 7: AGVsmarT folded before Flop (didn't bet)
Seat 8: yur4ik777 folded on the Flop
Seat 9: alpinopacino (button) collected ($0.35)



PokerStars Hand #237633766517:  Hold'em No Limit ($0.02/$0.05 USD) - 2022/07/27 22:42:09 PT [2022/07/28 1:42:09 ET]
Table 'Mette' 9-max Seat #1 is the button
Seat 1: JORGE_JOCELIA ($7.57 in chips) 
Seat 2: checabrita ($5.02 in chips) 
Seat 3: geniuss ($5.27 in chips) 
Seat 4: PokerAleman ($7.42 in chips) 
Seat 5: Dorex2007 ($6.66 in chips) 
Seat 6: alexahk ($5.25 in chips) 
Seat 7: AGVsmarT ($2.67 in chips) 
Seat 8: yur4ik777 ($9.92 in chips) 
Seat 9: alpinopacino ($10.25 in chips) 
checabrita: posts small blind $0.02
geniuss: posts big blind $0.05
*** HOLE CARDS ***
Dealt to Dorex2007 [Ah 4c]
PokerAleman: folds 
Dorex2007: folds 
alexahk: folds 
AGVsmarT: raises $0.12 to $0.17
yur4ik777: folds 
alpinopacino: calls $0.17
JORGE_JOCELIA: folds 
checabrita: folds 
geniuss: folds 
*** FLOP *** [Tc 4h Qd]
AGVsmarT: bets $0.10
alpinopacino: calls $0.10
*** TURN *** [Tc 4h Qd] [Qc]
AGVsmarT: checks 
alpinopacino: checks 
*** RIVER *** [Tc 4h Qd Qc] [As]
AGVsmarT: bets $0.58
alpinopacino: calls $0.58
*** SHOW DOWN ***
AGVsmarT: shows [Jd Ad] (two pair, Aces and Queens)
alpinopacino: shows [Kd Jh] (a straight, Ten to Ace)
alpinopacino collected $1.70 from pot
*** SUMMARY ***
Total pot $1.77 | Rake $0.07 
Board [Tc 4h Qd Qc As]
Seat 1: JORGE_JOCELIA (button) folded before Flop (didn't bet)
Seat 2: checabrita (small blind) folded before Flop
Seat 3: geniuss (big blind) folded before Flop
Seat 4: PokerAleman folded before Flop (didn't bet)
Seat 5: Dorex2007 folded before Flop (didn't bet)
Seat 6: alexahk folded before Flop (didn't bet)
Seat 7: AGVsmarT showed [Jd Ad] and lost with two pair, Aces and Queens
Seat 8: yur4ik777 folded before Flop (didn't bet)
Seat 9: alpinopacino showed [Kd Jh] and won ($1.70) with a straight, Ten to Ace



PokerStars Hand #237633772298:  Hold'em No Limit ($0.02/$0.05 USD) - 2022/07/27 22:43:01 PT [2022/07/28 1:43:01 ET]
Table 'Mette' 9-max Seat #2 is the button
Seat 1: JORGE_JOCELIA ($7.57 in chips) 
Seat 2: checabrita ($5 in chips) 
Seat 3: geniuss ($5.22 in chips) 
Seat 4: PokerAleman ($7.42 in chips) 
Seat 5: Dorex2007 ($6.66 in chips) 
Seat 6: alexahk ($5.25 in chips) 
Seat 7: AGVsmarT ($1.82 in chips) 
Seat 8: yur4ik777 ($9.92 in chips) 
Seat 9: alpinopacino ($11.10 in chips) 
geniuss: posts small blind $0.02
PokerAleman: posts big blind $0.05
*** HOLE CARDS ***
Dealt to Dorex2007 [4d Ad]
Dorex2007: folds 
alexahk: calls $0.05
AGVsmarT: folds 
yur4ik777: folds 
alpinopacino: folds 
JORGE_JOCELIA: folds 
checabrita: folds 
geniuss: folds 
PokerAleman: checks 
*** FLOP *** [2d 5h 6s]
PokerAleman: checks 
alexahk: bets $0.08
PokerAleman: folds 
Uncalled bet ($0.08) returned to alexahk
alexahk collected $0.12 from pot
alexahk: doesn't show hand 
*** SUMMARY ***
Total pot $0.12 | Rake $0 
Board [2d 5h 6s]
Seat 1: JORGE_JOCELIA folded before Flop (didn't bet)
Seat 2: checabrita (button) folded before Flop (didn't bet)
Seat 3: geniuss (small blind) folded before Flop
Seat 4: PokerAleman (big blind) folded on the Flop
Seat 5: Dorex2007 folded before Flop (didn't bet)
Seat 6: alexahk collected ($0.12)
Seat 7: AGVsmarT folded before Flop (didn't bet)
Seat 8: yur4ik777 folded before Flop (didn't bet)
Seat 9: alpinopacino folded before Flop (didn't bet)



PokerStars Hand #237633776533:  Hold'em No Limit ($0.02/$0.05 USD) - 2022/07/27 22:43:39 PT [2022/07/28 1:43:39 ET]
Table 'Mette' 9-max Seat #3 is the button
Seat 1: JORGE_JOCELIA ($7.57 in chips) 
Seat 2: checabrita ($5 in chips) 
Seat 3: geniuss ($5.20 in chips) 
Seat 4: PokerAleman ($7.37 in chips) 
Seat 5: Dorex2007 ($6.66 in chips) 
Seat 6: alexahk ($5.32 in chips) 
Seat 7: AGVsmarT ($1.82 in chips) 
Seat 8: yur4ik777 ($9.92 in chips) 
Seat 9: alpinopacino ($11.10 in chips) 
PokerAleman: posts small blind $0.02
Dorex2007: posts big blind $0.05
*** HOLE CARDS ***
Dealt to Dorex2007 [Jc 3d]
alexahk: calls $0.05
AGVsmarT: folds 
yur4ik777: folds 
alpinopacino: folds 
JORGE_JOCELIA: folds 
checabrita: folds 
geniuss: folds 
PokerAleman: calls $0.03
Dorex2007: checks 
*** FLOP *** [Js Td Tc]
PokerAleman: bets $0.10
Dorex2007: calls $0.10
alexahk: calls $0.10
*** TURN *** [Js Td Tc] [7c]
PokerAleman: checks 
Dorex2007: bets $0.21
alexahk: folds 
PokerAleman: folds 
Uncalled bet ($0.21) returned to Dorex2007
Dorex2007 collected $0.43 from pot
Dorex2007: doesn't show hand 
*** SUMMARY ***
Total pot $0.45 | Rake $0.02 
Board [Js Td Tc 7c]
Seat 1: JORGE_JOCELIA folded before Flop (didn't bet)
Seat 2: checabrita folded before Flop (didn't bet)
Seat 3: geniuss (button) folded before Flop (didn't bet)
Seat 4: PokerAleman (small blind) folded on the Turn
Seat 5: Dorex2007 (big blind) collected ($0.43)
Seat 6: alexahk folded on the Turn
Seat 7: AGVsmarT folded before Flop (didn't bet)
Seat 8: yur4ik777 folded before Flop (didn't bet)
Seat 9: alpinopacino folded before Flop (didn't bet)



PokerStars Hand #237633782287:  Hold'em No Limit ($0.02/$0.05 USD) - 2022/07/27 22:44:31 PT [2022/07/28 1:44:31 ET]
Table 'Mette' 9-max Seat #4 is the button
Seat 1: JORGE_JOCELIA ($7.57 in chips) 
Seat 2: checabrita ($5 in chips) 
Seat 3: geniuss ($5.20 in chips) 
Seat 4: PokerAleman ($7.22 in chips) 
Seat 5: Dorex2007 ($6.94 in chips) 
Seat 6: alexahk ($5.17 in chips) 
Seat 7: AGVsmarT ($1.82 in chips) 
Seat 8: yur4ik777 ($9.92 in chips) 
Seat 9: alpinopacino ($11.10 in chips) 
Dorex2007: posts small blind $0.02
alexahk: posts big blind $0.05
*** HOLE CARDS ***
Dealt to Dorex2007 [6s 4d]
AGVsmarT: folds 
yur4ik777: folds 
alpinopacino: folds 
JORGE_JOCELIA: raises $0.10 to $0.15
checabrita: folds 
geniuss: folds 
PokerAleman: calls $0.15
Dorex2007: folds 
alexahk: folds 
*** FLOP *** [3c 9c 3d]
JORGE_JOCELIA: bets $0.17
PokerAleman: raises $0.48 to $0.65
JORGE_JOCELIA: folds 
Uncalled bet ($0.48) returned to PokerAleman
PokerAleman collected $0.68 from pot
PokerAleman: doesn't show hand 
*** SUMMARY ***
Total pot $0.71 | Rake $0.03 
Board [3c 9c 3d]
Seat 1: JORGE_JOCELIA folded on the Flop
Seat 2: checabrita folded before Flop (didn't bet)
Seat 3: geniuss folded before Flop (didn't bet)
Seat 4: PokerAleman (button) collected ($0.68)
Seat 5: Dorex2007 (small blind) folded before Flop
Seat 6: alexahk (big blind) folded before Flop
Seat 7: AGVsmarT folded before Flop (didn't bet)
Seat 8: yur4ik777 folded before Flop (didn't bet)
Seat 9: alpinopacino folded before Flop (didn't bet)



PokerStars Hand #237633787260:  Hold'em No Limit ($0.02/$0.05 USD) - 2022/07/27 22:45:17 PT [2022/07/28 1:45:17 ET]
Table 'Mette' 9-max Seat #5 is the button
Seat 1: JORGE_JOCELIA ($7.25 in chips) 
Seat 2: checabrita ($5 in chips) 
Seat 3: geniuss ($5.20 in chips) 
Seat 4: PokerAleman ($7.58 in chips) 
Seat 5: Dorex2007 ($6.92 in chips) 
Seat 6: alexahk ($5.12 in chips) 
Seat 7: AGVsmarT ($1.82 in chips) 
Seat 8: yur4ik777 ($9.92 in chips) 
Seat 9: alpinopacino ($11.10 in chips) 
alexahk: posts small blind $0.02
AGVsmarT: posts big blind $0.05
*** HOLE CARDS ***
Dealt to Dorex2007 [Ac Kd]
yur4ik777: folds 
alpinopacino: calls $0.05
JORGE_JOCELIA: folds 
checabrita: folds 
geniuss: folds 
PokerAleman: folds 
Dorex2007: raises $0.15 to $0.20
alexahk: folds 
AGVsmarT: folds 
alpinopacino: calls $0.15
*** FLOP *** [2s 9c Ts]
alpinopacino: checks 
Dorex2007: checks 
*** TURN *** [2s 9c Ts] [Jc]
alpinopacino: bets $0.22
Dorex2007: calls $0.22
*** RIVER *** [2s 9c Ts Jc] [8c]
alpinopacino: checks 
Dorex2007: bets $0.58
alpinopacino: folds 
Uncalled bet ($0.58) returned to Dorex2007
Dorex2007 collected $0.87 from pot
Dorex2007: doesn't show hand 
*** SUMMARY ***
Total pot $0.91 | Rake $0.04 
Board [2s 9c Ts Jc 8c]
Seat 1: JORGE_JOCELIA folded before Flop (didn't bet)
Seat 2: checabrita folded before Flop (didn't bet)
Seat 3: geniuss folded before Flop (didn't bet)
Seat 4: PokerAleman folded before Flop (didn't bet)
Seat 5: Dorex2007 (button) collected ($0.87)
Seat 6: alexahk (small blind) folded before Flop
Seat 7: AGVsmarT (big blind) folded before Flop
Seat 8: yur4ik777 folded before Flop (didn't bet)
Seat 9: alpinopacino folded on the River



PokerStars Hand #237633793192:  Hold'em No Limit ($0.02/$0.05 USD) - 2022/07/27 22:46:11 PT [2022/07/28 1:46:11 ET]
Table 'Mette' 9-max Seat #6 is the button
Seat 1: JORGE_JOCELIA ($7.25 in chips) 
Seat 2: checabrita ($5 in chips) 
Seat 3: geniuss ($5.20 in chips) 
Seat 4: PokerAleman ($7.58 in chips) 
Seat 5: Dorex2007 ($7.37 in chips) 
Seat 6: alexahk ($5.10 in chips) 
Seat 7: AGVsmarT ($3.77 in chips) 
Seat 8: yur4ik777 ($9.92 in chips) 
Seat 9: alpinopacino ($10.68 in chips) 
AGVsmarT: posts small blind $0.02
yur4ik777: posts big blind $0.05
*** HOLE CARDS ***
Dealt to Dorex2007 [7s 6d]
alpinopacino: folds 
JORGE_JOCELIA: folds 
checabrita: folds 
geniuss: folds 
PokerAleman: folds 
Dorex2007: folds 
alexahk: folds 
AGVsmarT: calls $0.03
yur4ik777: checks 
*** FLOP *** [4h Jd 6s]
AGVsmarT: bets $0.10
yur4ik777: calls $0.10
*** TURN *** [4h Jd 6s] [Tc]
AGVsmarT: bets $0.29
yur4ik777: folds 
Uncalled bet ($0.29) returned to AGVsmarT
AGVsmarT collected $0.29 from pot
AGVsmarT: doesn't show hand 
*** SUMMARY ***
Total pot $0.30 | Rake $0.01 
Board [4h Jd 6s Tc]
Seat 1: JORGE_JOCELIA folded before Flop (didn't bet)
Seat 2: checabrita folded before Flop (didn't bet)
Seat 3: geniuss folded before Flop (didn't bet)
Seat 4: PokerAleman folded before Flop (didn't bet)
Seat 5: Dorex2007 folded before Flop (didn't bet)
Seat 6: alexahk (button) folded before Flop (didn't bet)
Seat 7: AGVsmarT (small blind) collected ($0.29)
Seat 8: yur4ik777 (big blind) folded on the Turn
Seat 9: alpinopacino folded before Flop (didn't bet)



PokerStars Hand #237633797505:  Hold'em No Limit ($0.02/$0.05 USD) - 2022/07/27 22:46:50 PT [2022/07/28 1:46:50 ET]
Table 'Mette' 9-max Seat #7 is the button
Seat 1: JORGE_JOCELIA ($7.25 in chips) 
Seat 2: checabrita ($5 in chips) 
Seat 3: geniuss ($5.20 in chips) 
Seat 4: PokerAleman ($7.58 in chips) 
Seat 5: Dorex2007 ($7.37 in chips) 
Seat 6: alexahk ($5.10 in chips) 
Seat 7: AGVsmarT ($3.91 in chips) 
Seat 8: yur4ik777 ($9.77 in chips) 
Seat 9: alpinopacino ($10.68 in chips) 
yur4ik777: posts small blind $0.02
alpinopacino: posts big blind $0.05
*** HOLE CARDS ***
Dealt to Dorex2007 [Ac 6d]
JORGE_JOCELIA: folds 
checabrita: folds 
geniuss: folds 
PokerAleman: raises $0.10 to $0.15
Dorex2007: folds 
alexahk: folds 
AGVsmarT: calls $0.15
yur4ik777: folds 
alpinopacino: folds 
*** FLOP *** [Ts Qd 5s]
PokerAleman: checks 
AGVsmarT: bets $0.10
PokerAleman: raises $0.20 to $0.30
AGVsmarT: folds 
Uncalled bet ($0.20) returned to PokerAleman
PokerAleman collected $0.55 from pot
PokerAleman: doesn't show hand 
*** SUMMARY ***
Total pot $0.57 | Rake $0.02 
Board [Ts Qd 5s]
Seat 1: JORGE_JOCELIA folded before Flop (didn't bet)
Seat 2: checabrita folded before Flop (didn't bet)
Seat 3: geniuss folded before Flop (didn't bet)
Seat 4: PokerAleman collected ($0.55)
Seat 5: Dorex2007 folded before Flop (didn't bet)
Seat 6: alexahk folded before Flop (didn't bet)
Seat 7: AGVsmarT (button) folded on the Flop
Seat 8: yur4ik777 (small blind) folded before Flop
Seat 9: alpinopacino (big blind) folded before Flop



PokerStars Hand #237633801784:  Hold'em No Limit ($0.02/$0.05 USD) - 2022/07/27 22:47:29 PT [2022/07/28 1:47:29 ET]
Table 'Mette' 9-max Seat #8 is the button
Seat 1: JORGE_JOCELIA ($7.25 in chips) 
Seat 2: checabrita ($5 in chips) 
Seat 3: geniuss ($5.20 in chips) 
Seat 4: PokerAleman ($7.88 in chips) 
Seat 5: Dorex2007 ($7.37 in chips) 
Seat 6: alexahk ($5.10 in chips) 
Seat 7: AGVsmarT ($3.66 in chips) 
Seat 8: yur4ik777 ($9.75 in chips) 
Seat 9: alpinopacino ($10.63 in chips) 
alpinopacino: posts small blind $0.02
JORGE_JOCELIA: posts big blind $0.05
*** HOLE CARDS ***
Dealt to Dorex2007 [Kh 9c]
checabrita: folds 
geniuss: folds 
PokerAleman: folds 
Dorex2007: folds 
alexahk: folds 
AGVsmarT: folds 
yur4ik777: folds 
alpinopacino: folds 
Uncalled bet ($0.03) returned to JORGE_JOCELIA
JORGE_JOCELIA collected $0.04 from pot
JORGE_JOCELIA: doesn't show hand 
*** SUMMARY ***
Total pot $0.04 | Rake $0 
Seat 1: JORGE_JOCELIA (big blind) collected ($0.04)
Seat 2: checabrita folded before Flop (didn't bet)
Seat 3: geniuss folded before Flop (didn't bet)
Seat 4: PokerAleman folded before Flop (didn't bet)
Seat 5: Dorex2007 folded before Flop (didn't bet)
Seat 6: alexahk folded before Flop (didn't bet)
Seat 7: AGVsmarT folded before Flop (didn't bet)
Seat 8: yur4ik777 (button) folded before Flop (didn't bet)
Seat 9: alpinopacino (small blind) folded before Flop



PokerStars Hand #237633803554:  Hold'em No Limit ($0.02/$0.05 USD) - 2022/07/27 22:47:45 PT [2022/07/28 1:47:45 ET]
Table 'Mette' 9-max Seat #9 is the button
Seat 1: JORGE_JOCELIA ($7.27 in chips) 
Seat 2: checabrita ($5 in chips) 
Seat 3: geniuss ($5.20 in chips) 
Seat 4: PokerAleman ($7.88 in chips) 
Seat 5: Dorex2007 ($7.37 in chips) 
Seat 6: alexahk ($5.10 in chips) 
Seat 7: AGVsmarT ($3.66 in chips) 
Seat 8: yur4ik777 ($9.75 in chips) 
Seat 9: alpinopacino ($10.61 in chips) 
JORGE_JOCELIA: posts small blind $0.02
checabrita: posts big blind $0.05
*** HOLE CARDS ***
Dealt to Dorex2007 [9d Tc]
geniuss: folds 
PokerAleman: folds 
Dorex2007: folds 
alexahk: folds 
AGVsmarT: folds 
yur4ik777: folds 
alpinopacino: folds 
JORGE_JOCELIA: folds 
Uncalled bet ($0.03) returned to checabrita
checabrita collected $0.04 from pot
checabrita: doesn't show hand 
*** SUMMARY ***
Total pot $0.04 | Rake $0 
Seat 1: JORGE_JOCELIA (small blind) folded before Flop
Seat 2: checabrita (big blind) collected ($0.04)
Seat 3: geniuss folded before Flop (didn't bet)
Seat 4: PokerAleman folded before Flop (didn't bet)
Seat 5: Dorex2007 folded before Flop (didn't bet)
Seat 6: alexahk folded before Flop (didn't bet)
Seat 7: AGVsmarT folded before Flop (didn't bet)
Seat 8: yur4ik777 folded before Flop (didn't bet)
Seat 9: alpinopacino (button) folded before Flop (didn't bet)



PokerStars Hand #237633806514:  Hold'em No Limit ($0.02/$0.05 USD) - 2022/07/27 22:48:12 PT [2022/07/28 1:48:12 ET]
Table 'Mette' 9-max Seat #1 is the button
Seat 1: JORGE_JOCELIA ($7.25 in chips) 
Seat 2: checabrita ($5.02 in chips) 
Seat 3: geniuss ($5.20 in chips) 
Seat 4: PokerAleman ($7.88 in chips) 
Seat 5: Dorex2007 ($7.37 in chips) 
Seat 6: alexahk ($5.10 in chips) 
Seat 7: AGVsmarT ($3.66 in chips) 
Seat 8: yur4ik777 ($9.75 in chips) 
Seat 9: alpinopacino ($10.61 in chips) 
checabrita: posts small blind $0.02
geniuss: posts big blind $0.05
*** HOLE CARDS ***
Dealt to Dorex2007 [7d Kd]
PokerAleman: folds 
Dorex2007: folds 
alexahk: folds 
AGVsmarT: folds 
yur4ik777: folds 
alpinopacino: folds 
JORGE_JOCELIA: folds 
checabrita: folds 
Uncalled bet ($0.03) returned to geniuss
geniuss collected $0.04 from pot
*** SUMMARY ***
Total pot $0.04 | Rake $0 
Seat 1: JORGE_JOCELIA (button) folded before Flop (didn't bet)
Seat 2: checabrita (small blind) folded before Flop
Seat 3: geniuss (big blind) collected ($0.04)
Seat 4: PokerAleman folded before Flop (didn't bet)
Seat 5: Dorex2007 folded before Flop (didn't bet)
Seat 6: alexahk folded before Flop (didn't bet)
Seat 7: AGVsmarT folded before Flop (didn't bet)
Seat 8: yur4ik777 folded before Flop (didn't bet)
Seat 9: alpinopacino folded before Flop (didn't bet)



PokerStars Hand #237633808949:  Hold'em No Limit ($0.02/$0.05 USD) - 2022/07/27 22:48:34 PT [2022/07/28 1:48:34 ET]
Table 'Mette' 9-max Seat #2 is the button
Seat 1: JORGE_JOCELIA ($7.25 in chips) 
Seat 2: checabrita ($5 in chips) 
Seat 3: geniuss ($5.22 in chips) 
Seat 4: PokerAleman ($7.88 in chips) 
Seat 5: Dorex2007 ($7.37 in chips) 
Seat 6: alexahk ($5.10 in chips) 
Seat 7: AGVsmarT ($3.66 in chips) 
Seat 8: yur4ik777 ($9.75 in chips) 
Seat 9: alpinopacino ($10.61 in chips) 
geniuss: posts small blind $0.02
PokerAleman: posts big blind $0.05
*** HOLE CARDS ***
Dealt to Dorex2007 [Ad 5d]
Dorex2007: calls $0.05
alexahk: folds 
AGVsmarT: folds 
yur4ik777: raises $0.10 to $0.15
alpinopacino: folds 
JORGE_JOCELIA: folds 
checabrita: folds 
geniuss: calls $0.13
PokerAleman: folds 
Dorex2007: calls $0.10
*** FLOP *** [6h 9c 9s]
geniuss: checks 
Dorex2007: checks 
yur4ik777: checks 
*** TURN *** [6h 9c 9s] [7h]
geniuss: bets $0.35
Dorex2007: folds 
yur4ik777: folds 
Uncalled bet ($0.35) returned to geniuss
geniuss collected $0.48 from pot
*** SUMMARY ***
Total pot $0.50 | Rake $0.02 
Board [6h 9c 9s 7h]
Seat 1: JORGE_JOCELIA folded before Flop (didn't bet)
Seat 2: checabrita (button) folded before Flop (didn't bet)
Seat 3: geniuss (small blind) collected ($0.48)
Seat 4: PokerAleman (big blind) folded before Flop
Seat 5: Dorex2007 folded on the Turn
Seat 6: alexahk folded before Flop (didn't bet)
Seat 7: AGVsmarT folded before Flop (didn't bet)
Seat 8: yur4ik777 folded on the Turn
Seat 9: alpinopacino folded before Flop (didn't bet)



PokerStars Hand #237633815530:  Hold'em No Limit ($0.02/$0.05 USD) - 2022/07/27 22:49:35 PT [2022/07/28 1:49:35 ET]
Table 'Mette' 9-max Seat #3 is the button
Seat 1: JORGE_JOCELIA ($7.25 in chips) 
Seat 2: checabrita ($5 in chips) 
Seat 3: geniuss ($5.55 in chips) 
Seat 4: PokerAleman ($7.83 in chips) 
Seat 5: Dorex2007 ($7.22 in chips) 
Seat 6: alexahk ($5.10 in chips) 
Seat 7: AGVsmarT ($3.66 in chips) 
Seat 8: yur4ik777 ($9.60 in chips) 
Seat 9: alpinopacino ($10.61 in chips) 
PokerAleman: posts small blind $0.02
Dorex2007: posts big blind $0.05
*** HOLE CARDS ***
Dealt to Dorex2007 [6h 3h]
alexahk: folds 
AGVsmarT: raises $0.12 to $0.17
yur4ik777: folds 
alpinopacino: folds 
JORGE_JOCELIA: calls $0.17
checabrita: folds 
geniuss: calls $0.17
PokerAleman: calls $0.15
Dorex2007: folds 
*** FLOP *** [9h 6s 2s]
PokerAleman: checks 
AGVsmarT: bets $0.20
JORGE_JOCELIA: raises $0.55 to $0.75
geniuss: folds 
PokerAleman: folds 
AGVsmarT: calls $0.55
*** TURN *** [9h 6s 2s] [Kc]
AGVsmarT: checks 
JORGE_JOCELIA: checks 
*** RIVER *** [9h 6s 2s Kc] [8c]
AGVsmarT: checks 
JORGE_JOCELIA: bets $2.14
AGVsmarT: folds 
Uncalled bet ($2.14) returned to JORGE_JOCELIA
JORGE_JOCELIA collected $2.14 from pot
alexahk leaves the table
JORGE_JOCELIA: doesn't show hand 
*** SUMMARY ***
Total pot $2.23 | Rake $0.09 
Board [9h 6s 2s Kc 8c]
Seat 1: JORGE_JOCELIA collected ($2.14)
Seat 2: checabrita folded before Flop (didn't bet)
Seat 3: geniuss (button) folded on the Flop
Seat 4: PokerAleman (small blind) folded on the Flop
Seat 5: Dorex2007 (big blind) folded before Flop
Seat 6: alexahk folded before Flop (didn't bet)
Seat 7: AGVsmarT folded on the River
Seat 8: yur4ik777 folded before Flop (didn't bet)
Seat 9: alpinopacino folded before Flop (didn't bet)



PokerStars Hand #237633823603:  Hold'em No Limit ($0.02/$0.05 USD) - 2022/07/27 22:50:49 PT [2022/07/28 1:50:49 ET]
Table 'Mette' 9-max Seat #4 is the button
Seat 1: JORGE_JOCELIA ($8.47 in chips) 
Seat 2: checabrita ($5 in chips) 
Seat 3: geniuss ($5.38 in chips) 
Seat 4: PokerAleman ($7.66 in chips) 
Seat 5: Dorex2007 ($7.17 in chips) 
Seat 7: AGVsmarT ($2.74 in chips) 
Seat 8: yur4ik777 ($9.60 in chips) 
Seat 9: alpinopacino ($10.61 in chips) 
Dorex2007: posts small blind $0.02
AGVsmarT: posts big blind $0.05
*** HOLE CARDS ***
Dealt to Dorex2007 [8h Qs]
yur4ik777: raises $0.10 to $0.15
alpinopacino: folds 
JORGE_JOCELIA: folds 
checabrita: folds 
SashkoU joins the table at seat #6 
geniuss: folds 
PokerAleman: calls $0.15
Dorex2007: folds 
AGVsmarT: calls $0.10
*** FLOP *** [6d Td 3c]
AGVsmarT: checks 
yur4ik777: bets $0.29
PokerAleman: calls $0.29
AGVsmarT: folds 
*** TURN *** [6d Td 3c] [Ks]
yur4ik777: bets $0.65
PokerAleman: calls $0.65
*** RIVER *** [6d Td 3c Ks] [6s]
yur4ik777: bets $1.22
PokerAleman: folds 
Uncalled bet ($1.22) returned to yur4ik777
yur4ik777 collected $2.25 from pot
yur4ik777: doesn't show hand 
*** SUMMARY ***
Total pot $2.35 | Rake $0.10 
Board [6d Td 3c Ks 6s]
Seat 1: JORGE_JOCELIA folded before Flop (didn't bet)
Seat 2: checabrita folded before Flop (didn't bet)
Seat 3: geniuss folded before Flop (didn't bet)
Seat 4: PokerAleman (button) folded on the River
Seat 5: Dorex2007 (small blind) folded before Flop
Seat 7: AGVsmarT (big blind) folded on the Flop
Seat 8: yur4ik777 collected ($2.25)
Seat 9: alpinopacino folded before Flop (didn't bet)



PokerStars Hand #237633830906:  Hold'em No Limit ($0.02/$0.05 USD) - 2022/07/27 22:51:58 PT [2022/07/28 1:51:58 ET]
Table 'Mette' 9-max Seat #5 is the button
Seat 1: JORGE_JOCELIA ($8.47 in chips) 
Seat 2: checabrita ($5 in chips) 
Seat 3: geniuss ($5.38 in chips) 
Seat 4: PokerAleman ($6.57 in chips) 
Seat 5: Dorex2007 ($7.15 in chips) 
Seat 7: AGVsmarT ($2.59 in chips) 
Seat 8: yur4ik777 ($10.76 in chips) 
Seat 9: alpinopacino ($10.61 in chips) 
AGVsmarT: posts small blind $0.02
yur4ik777: posts big blind $0.05
*** HOLE CARDS ***
Dealt to Dorex2007 [4h Kd]
alpinopacino: folds 
JORGE_JOCELIA: raises $0.05 to $0.10
checabrita: folds 
geniuss: folds 
PokerAleman: folds 
Dorex2007: folds 
AGVsmarT: calls $0.08
yur4ik777: folds 
*** FLOP *** [7s 5d 3d]
AGVsmarT: bets $0.05
JORGE_JOCELIA: calls $0.05
*** TURN *** [7s 5d 3d] [4c]
AGVsmarT: bets $0.10
JORGE_JOCELIA: calls $0.10
*** RIVER *** [7s 5d 3d 4c] [2h]
AGVsmarT: bets $0.53
JORGE_JOCELIA: raises $1.59 to $2.12
AGVsmarT: folds 
Uncalled bet ($1.59) returned to JORGE_JOCELIA
JORGE_JOCELIA collected $1.54 from pot
JORGE_JOCELIA: doesn't show hand 
*** SUMMARY ***
Total pot $1.61 | Rake $0.07 
Board [7s 5d 3d 4c 2h]
Seat 1: JORGE_JOCELIA collected ($1.54)
Seat 2: checabrita folded before Flop (didn't bet)
Seat 3: geniuss folded before Flop (didn't bet)
Seat 4: PokerAleman folded before Flop (didn't bet)
Seat 5: Dorex2007 (button) folded before Flop (didn't bet)
Seat 7: AGVsmarT (small blind) folded on the River
Seat 8: yur4ik777 (big blind) folded before Flop
Seat 9: alpinopacino folded before Flop (didn't bet)



PokerStars Hand #237633837520:  Hold'em No Limit ($0.02/$0.05 USD) - 2022/07/27 22:52:59 PT [2022/07/28 1:52:59 ET]
Table 'Mette' 9-max Seat #7 is the button
Seat 1: JORGE_JOCELIA ($9.23 in chips) 
Seat 2: checabrita ($5 in chips) 
Seat 3: geniuss ($5.38 in chips) 
Seat 4: PokerAleman ($6.57 in chips) 
Seat 5: Dorex2007 ($7.15 in chips) 
Seat 7: AGVsmarT ($1.81 in chips) 
Seat 8: yur4ik777 ($10.71 in chips) 
Seat 9: alpinopacino ($10.61 in chips) 
yur4ik777: posts small blind $0.02
alpinopacino: posts big blind $0.05
SashkoU: sits out 
*** HOLE CARDS ***
Dealt to Dorex2007 [Kc Ks]
JORGE_JOCELIA: folds 
checabrita: folds 
geniuss: folds 
PokerAleman: raises $0.10 to $0.15
Dorex2007: raises $0.25 to $0.40
AGVsmarT: folds 
yur4ik777: folds 
alpinopacino: folds 
PokerAleman: folds 
Uncalled bet ($0.25) returned to Dorex2007
Dorex2007 collected $0.37 from pot
Dorex2007: doesn't show hand 
*** SUMMARY ***
Total pot $0.37 | Rake $0 
Seat 1: JORGE_JOCELIA folded before Flop (didn't bet)
Seat 2: checabrita folded before Flop (didn't bet)
Seat 3: geniuss folded before Flop (didn't bet)
Seat 4: PokerAleman folded before Flop
Seat 5: Dorex2007 collected ($0.37)
Seat 7: AGVsmarT (button) folded before Flop (didn't bet)
Seat 8: yur4ik777 (small blind) folded before Flop
Seat 9: alpinopacino (big blind) folded before Flop



PokerStars Hand #237633840665:  Hold'em No Limit ($0.02/$0.05 USD) - 2022/07/27 22:53:29 PT [2022/07/28 1:53:29 ET]
Table 'Mette' 9-max Seat #8 is the button
Seat 1: JORGE_JOCELIA ($9.23 in chips) 
Seat 2: checabrita ($5 in chips) 
Seat 3: geniuss ($5.38 in chips) 
Seat 4: PokerAleman ($6.42 in chips) 
Seat 5: Dorex2007 ($7.37 in chips) 
Seat 7: AGVsmarT ($3.81 in chips) 
Seat 8: yur4ik777 ($10.69 in chips) 
Seat 9: alpinopacino ($10.56 in chips) 
alpinopacino: posts small blind $0.02
JORGE_JOCELIA: posts big blind $0.05
SashkoU: sits out 
*** HOLE CARDS ***
Dealt to Dorex2007 [Qd 7h]
checabrita: raises $0.10 to $0.15
geniuss: folds 
PokerAleman: folds 
Dorex2007: folds 
AGVsmarT: folds 
yur4ik777: folds 
alpinopacino: calls $0.13
JORGE_JOCELIA: calls $0.10
*** FLOP *** [2c 4d Th]
alpinopacino: bets $0.10
JORGE_JOCELIA: folds 
checabrita: folds 
Uncalled bet ($0.10) returned to alpinopacino
alpinopacino collected $0.43 from pot
*** SUMMARY ***
Total pot $0.45 | Rake $0.02 
Board [2c 4d Th]
Seat 1: JORGE_JOCELIA (big blind) folded on the Flop
Seat 2: checabrita folded on the Flop
Seat 3: geniuss folded before Flop (didn't bet)
Seat 4: PokerAleman folded before Flop (didn't bet)
Seat 5: Dorex2007 folded before Flop (didn't bet)
Seat 7: AGVsmarT folded before Flop (didn't bet)
Seat 8: yur4ik777 (button) folded before Flop (didn't bet)
Seat 9: alpinopacino (small blind) collected ($0.43)



PokerStars Hand #237633844069:  Hold'em No Limit ($0.02/$0.05 USD) - 2022/07/27 22:54:01 PT [2022/07/28 1:54:01 ET]
Table 'Mette' 9-max Seat #9 is the button
Seat 1: JORGE_JOCELIA ($9.08 in chips) 
Seat 2: checabrita ($5 in chips) 
Seat 3: geniuss ($5.38 in chips) 
Seat 4: PokerAleman ($6.42 in chips) 
Seat 5: Dorex2007 ($7.37 in chips) 
Seat 7: AGVsmarT ($3.81 in chips) 
Seat 8: yur4ik777 ($10.69 in chips) 
Seat 9: alpinopacino ($10.84 in chips) 
JORGE_JOCELIA: posts small blind $0.02
checabrita: posts big blind $0.05
SashkoU: sits out 
*** HOLE CARDS ***
Dealt to Dorex2007 [Js 3c]
geniuss: folds 
PokerAleman: folds 
Dorex2007: folds 
AGVsmarT is disconnected 
AGVsmarT has timed out while being disconnected
AGVsmarT: folds 
yur4ik777: raises $0.10 to $0.15
alpinopacino: calls $0.15
JORGE_JOCELIA: folds 
checabrita: calls $0.10
*** FLOP *** [Ah Ac 7s]
checabrita: checks 
yur4ik777: checks 
alpinopacino: checks 
*** TURN *** [Ah Ac 7s] [5s]
checabrita: checks 
yur4ik777: bets $0.05
alpinopacino: calls $0.05
checabrita: calls $0.05
*** RIVER *** [Ah Ac 7s 5s] [Kd]
checabrita: bets $0.23
yur4ik777: folds 
alpinopacino: folds 
Uncalled bet ($0.23) returned to checabrita
checabrita collected $0.59 from pot
checabrita: doesn't show hand 
*** SUMMARY ***
Total pot $0.62 | Rake $0.03 
Board [Ah Ac 7s 5s Kd]
Seat 1: JORGE_JOCELIA (small blind) folded before Flop
Seat 2: checabrita (big blind) collected ($0.59)
Seat 3: geniuss folded before Flop (didn't bet)
Seat 4: PokerAleman folded before Flop (didn't bet)
Seat 5: Dorex2007 folded before Flop (didn't bet)
Seat 7: AGVsmarT folded before Flop (didn't bet)
Seat 8: yur4ik777 folded on the River
Seat 9: alpinopacino (button) folded on the River



PokerStars Hand #237633851606:  Hold'em No Limit ($0.02/$0.05 USD) - 2022/07/27 22:55:13 PT [2022/07/28 1:55:13 ET]
Table 'Mette' 9-max Seat #1 is the button
Seat 1: JORGE_JOCELIA ($9.06 in chips) 
Seat 2: checabrita ($5.39 in chips) 
Seat 3: geniuss ($5.38 in chips) 
Seat 4: PokerAleman ($6.42 in chips) 
Seat 5: Dorex2007 ($7.37 in chips) 
Seat 7: AGVsmarT ($3.81 in chips) 
Seat 9: alpinopacino ($10.64 in chips) 
checabrita: posts small blind $0.02
geniuss: posts big blind $0.05
SashkoU: sits out 
*** HOLE CARDS ***
Dealt to Dorex2007 [Qd Jh]
PokerAleman: folds 
Dorex2007: folds 
AGVsmarT: folds 
alpinopacino: folds 
JORGE_JOCELIA: folds 
checabrita: folds 
Uncalled bet ($0.03) returned to geniuss
geniuss collected $0.04 from pot
*** SUMMARY ***
Total pot $0.04 | Rake $0 
Seat 1: JORGE_JOCELIA (button) folded before Flop (didn't bet)
Seat 2: checabrita (small blind) folded before Flop
Seat 3: geniuss (big blind) collected ($0.04)
Seat 4: PokerAleman folded before Flop (didn't bet)
Seat 5: Dorex2007 folded before Flop (didn't bet)
Seat 7: AGVsmarT folded before Flop (didn't bet)
Seat 9: alpinopacino folded before Flop (didn't bet)



PokerStars Hand #237633853043:  Hold'em No Limit ($0.02/$0.05 USD) - 2022/07/27 22:55:28 PT [2022/07/28 1:55:28 ET]
Table 'Mette' 9-max Seat #2 is the button
Seat 1: JORGE_JOCELIA ($9.06 in chips) 
Seat 2: checabrita ($5.37 in chips) 
Seat 3: geniuss ($5.40 in chips) 
Seat 4: PokerAleman ($6.42 in chips) 
Seat 5: Dorex2007 ($7.37 in chips) 
Seat 7: AGVsmarT ($3.81 in chips) 
Seat 9: alpinopacino ($10.64 in chips) 
geniuss: posts small blind $0.02
PokerAleman: posts big blind $0.05
SashkoU: sits out 
*** HOLE CARDS ***
Dealt to Dorex2007 [2c 3c]
Dorex2007: folds 
AGVsmarT: raises $0.12 to $0.17
alpinopacino: folds 
JORGE_JOCELIA: folds 
checabrita: folds 
geniuss: folds 
PokerAleman: calls $0.12
*** FLOP *** [Ah 2h Kc]
PokerAleman: checks 
AGVsmarT: bets $0.15
PokerAleman: folds 
Uncalled bet ($0.15) returned to AGVsmarT
AGVsmarT collected $0.35 from pot
AGVsmarT: doesn't show hand 
*** SUMMARY ***
Total pot $0.36 | Rake $0.01 
Board [Ah 2h Kc]
Seat 1: JORGE_JOCELIA folded before Flop (didn't bet)
Seat 2: checabrita (button) folded before Flop (didn't bet)
Seat 3: geniuss (small blind) folded before Flop
Seat 4: PokerAleman (big blind) folded on the Flop
Seat 5: Dorex2007 folded before Flop (didn't bet)
Seat 7: AGVsmarT collected ($0.35)
Seat 9: alpinopacino folded before Flop (didn't bet)



PokerStars Hand #237633855897:  Hold'em No Limit ($0.02/$0.05 USD) - 2022/07/27 22:55:58 PT [2022/07/28 1:55:58 ET]
Table 'Mette' 9-max Seat #3 is the button
Seat 1: JORGE_JOCELIA ($9.06 in chips) 
Seat 2: checabrita ($5.37 in chips) 
Seat 3: geniuss ($5.38 in chips) 
Seat 4: PokerAleman ($6.25 in chips) 
Seat 5: Dorex2007 ($7.37 in chips) 
Seat 7: AGVsmarT ($3.99 in chips) 
Seat 9: alpinopacino ($10.64 in chips) 
PokerAleman: posts small blind $0.02
Dorex2007: posts big blind $0.05
SashkoU: sits out 
*** HOLE CARDS ***
Dealt to Dorex2007 [Jh 2c]
AGVsmarT: raises $0.12 to $0.17
alpinopacino: folds 
JORGE_JOCELIA: folds 
checabrita: folds 
geniuss: folds 
PokerAleman: folds 
Dorex2007: folds 
Uncalled bet ($0.12) returned to AGVsmarT
AGVsmarT collected $0.12 from pot
AGVsmarT: doesn't show hand 
*** SUMMARY ***
Total pot $0.12 | Rake $0 
Seat 1: JORGE_JOCELIA folded before Flop (didn't bet)
Seat 2: checabrita folded before Flop (didn't bet)
Seat 3: geniuss (button) folded before Flop (didn't bet)
Seat 4: PokerAleman (small blind) folded before Flop
Seat 5: Dorex2007 (big blind) folded before Flop
Seat 7: AGVsmarT collected ($0.12)
Seat 9: alpinopacino folded before Flop (didn't bet)



PokerStars Hand #237633857426:  Hold'em No Limit ($0.02/$0.05 USD) - 2022/07/27 22:56:15 PT [2022/07/28 1:56:15 ET]
Table 'Mette' 9-max Seat #4 is the button
Seat 1: JORGE_JOCELIA ($9.06 in chips) 
Seat 2: checabrita ($5.37 in chips) 
Seat 3: geniuss ($5.38 in chips) 
Seat 4: PokerAleman ($6.23 in chips) 
Seat 5: Dorex2007 ($7.32 in chips) 
Seat 6: SashkoU ($5 in chips) 
Seat 7: AGVsmarT ($4.06 in chips) 
Seat 9: alpinopacino ($10.64 in chips) 
Dorex2007: posts small blind $0.02
SashkoU: posts big blind $0.05
*** HOLE CARDS ***
Dealt to Dorex2007 [9c Th]
AGVsmarT: raises $0.12 to $0.17
alpinopacino: folds 
JORGE_JOCELIA: folds 
checabrita: raises $0.33 to $0.50
geniuss: folds 
PokerAleman: folds 
Dorex2007: folds 
SashkoU: folds 
AGVsmarT: calls $0.33
*** FLOP *** [5h Qd Kh]
AGVsmarT: checks 
checabrita: checks 
*** TURN *** [5h Qd Kh] [3h]
AGVsmarT: bets $0.51
checabrita: calls $0.51
*** RIVER *** [5h Qd Kh 3h] [5c]
AGVsmarT: bets $1
checabrita: calls $1
*** SHOW DOWN ***
AGVsmarT: shows [Kc Ac] (two pair, Kings and Fives)
checabrita: shows [Ad As] (two pair, Aces and Fives)
checabrita collected $3.92 from pot
*** SUMMARY ***
Total pot $4.09 | Rake $0.17 
Board [5h Qd Kh 3h 5c]
Seat 1: JORGE_JOCELIA folded before Flop (didn't bet)
Seat 2: checabrita showed [Ad As] and won ($3.92) with two pair, Aces and Fives
Seat 3: geniuss folded before Flop (didn't bet)
Seat 4: PokerAleman (button) folded before Flop (didn't bet)
Seat 5: Dorex2007 (small blind) folded before Flop
Seat 6: SashkoU (big blind) folded before Flop
Seat 7: AGVsmarT showed [Kc Ac] and lost with two pair, Kings and Fives
Seat 9: alpinopacino folded before Flop (didn't bet)



PokerStars Hand #237633862898:  Hold'em No Limit ($0.02/$0.05 USD) - 2022/07/27 22:57:14 PT [2022/07/28 1:57:14 ET]
Table 'Mette' 9-max Seat #5 is the button
Seat 1: JORGE_JOCELIA ($9.06 in chips) 
Seat 2: checabrita ($7.28 in chips) 
Seat 3: geniuss ($5.38 in chips) 
Seat 4: PokerAleman ($6.23 in chips) 
Seat 5: Dorex2007 ($7.30 in chips) 
Seat 6: SashkoU ($5 in chips) 
Seat 7: AGVsmarT ($2.05 in chips) 
Seat 9: alpinopacino ($10.64 in chips) 
SashkoU: posts small blind $0.02
AGVsmarT: posts big blind $0.05
*** HOLE CARDS ***
Dealt to Dorex2007 [Kd 5s]
alpinopacino: calls $0.05
JORGE_JOCELIA: folds 
checabrita: folds 
geniuss: folds 
PokerAleman: raises $0.15 to $0.20
Dorex2007: folds 
SashkoU: folds 
AGVsmarT: folds 
alpinopacino: calls $0.15
*** FLOP *** [Ad 8h 8s]
alpinopacino: bets $0.10
PokerAleman: raises $0.25 to $0.35
alpinopacino: calls $0.25
*** TURN *** [Ad 8h 8s] [3s]
alpinopacino: checks 
PokerAleman: checks 
*** RIVER *** [Ad 8h 8s 3s] [Ts]
alpinopacino: checks 
PokerAleman: checks 
*** SHOW DOWN ***
alpinopacino: shows [As 5h] (two pair, Aces and Eights)
PokerAleman: mucks hand 
alpinopacino collected $1.12 from pot
*** SUMMARY ***
Total pot $1.17 | Rake $0.05 
Board [Ad 8h 8s 3s Ts]
Seat 1: JORGE_JOCELIA folded before Flop (didn't bet)
Seat 2: checabrita folded before Flop (didn't bet)
Seat 3: geniuss folded before Flop (didn't bet)
Seat 4: PokerAleman mucked [4h Kh]
Seat 5: Dorex2007 (button) folded before Flop (didn't bet)
Seat 6: SashkoU (small blind) folded before Flop
Seat 7: AGVsmarT (big blind) folded before Flop
Seat 9: alpinopacino showed [As 5h] and won ($1.12) with two pair, Aces and Eights



PokerStars Hand #237633866896:  Hold'em No Limit ($0.02/$0.05 USD) - 2022/07/27 22:57:56 PT [2022/07/28 1:57:56 ET]
Table 'Mette' 9-max Seat #6 is the button
Seat 1: JORGE_JOCELIA ($9.06 in chips) 
Seat 2: checabrita ($7.28 in chips) 
Seat 3: geniuss ($5.38 in chips) 
Seat 4: PokerAleman ($5.68 in chips) 
Seat 5: Dorex2007 ($7.30 in chips) 
Seat 6: SashkoU ($5 in chips) 
Seat 7: AGVsmarT ($4 in chips) 
Seat 9: alpinopacino ($11.21 in chips) 
AGVsmarT: posts small blind $0.02
alpinopacino: posts big blind $0.05
*** HOLE CARDS ***
Dealt to Dorex2007 [5d 6h]
JORGE_JOCELIA: folds 
checabrita: folds 
geniuss: folds 
PokerAleman: raises $0.10 to $0.15
Dorex2007: folds 
SashkoU: folds 
AGVsmarT: folds 
alpinopacino: folds 
Uncalled bet ($0.10) returned to PokerAleman
PokerAleman collected $0.12 from pot
PokerAleman: doesn't show hand 
*** SUMMARY ***
Total pot $0.12 | Rake $0 
Seat 1: JORGE_JOCELIA folded before Flop (didn't bet)
Seat 2: checabrita folded before Flop (didn't bet)
Seat 3: geniuss folded before Flop (didn't bet)
Seat 4: PokerAleman collected ($0.12)
Seat 5: Dorex2007 folded before Flop (didn't bet)
Seat 6: SashkoU (button) folded before Flop (didn't bet)
Seat 7: AGVsmarT (small blind) folded before Flop
Seat 9: alpinopacino (big blind) folded before Flop



PokerStars Hand #237633870820:  Hold'em No Limit ($0.02/$0.05 USD) - 2022/07/27 22:58:14 PT [2022/07/28 1:58:14 ET]
Table 'Mette' 9-max Seat #7 is the button
Seat 1: JORGE_JOCELIA ($9.06 in chips) 
Seat 2: checabrita ($7.28 in chips) 
Seat 3: geniuss ($5.38 in chips) 
Seat 4: PokerAleman ($5.75 in chips) 
Seat 5: Dorex2007 ($7.30 in chips) 
Seat 6: SashkoU ($5 in chips) 
Seat 7: AGVsmarT ($3.98 in chips) 
Seat 9: alpinopacino ($11.16 in chips) 
alpinopacino: posts small blind $0.02
JORGE_JOCELIA: posts big blind $0.05
*** HOLE CARDS ***
Dealt to Dorex2007 [Qs 7s]
checabrita: folds 
geniuss: folds 
PokerAleman: raises $0.10 to $0.15
Dorex2007: folds 
SashkoU: folds 
AGVsmarT: calls $0.15
alpinopacino: folds 
JORGE_JOCELIA: folds 
*** FLOP *** [6c 8c Qd]
PokerAleman: bets $0.25
AGVsmarT: folds 
Uncalled bet ($0.25) returned to PokerAleman
PokerAleman collected $0.35 from pot
PokerAleman: doesn't show hand 
*** SUMMARY ***
Total pot $0.37 | Rake $0.02 
Board [6c 8c Qd]
Seat 1: JORGE_JOCELIA (big blind) folded before Flop
Seat 2: checabrita folded before Flop (didn't bet)
Seat 3: geniuss folded before Flop (didn't bet)
Seat 4: PokerAleman collected ($0.35)
Seat 5: Dorex2007 folded before Flop (didn't bet)
Seat 6: SashkoU folded before Flop (didn't bet)
Seat 7: AGVsmarT (button) folded on the Flop
Seat 9: alpinopacino (small blind) folded before Flop



PokerStars Hand #237633873483:  Hold'em No Limit ($0.02/$0.05 USD) - 2022/07/27 22:58:42 PT [2022/07/28 1:58:42 ET]
Table 'Mette' 9-max Seat #9 is the button
Seat 1: JORGE_JOCELIA ($9.01 in chips) 
Seat 2: checabrita ($7.28 in chips) 
Seat 3: geniuss ($5.38 in chips) 
Seat 4: PokerAleman ($5.95 in chips) 
Seat 5: Dorex2007 ($7.30 in chips) 
Seat 6: SashkoU ($5 in chips) 
Seat 7: AGVsmarT ($3.83 in chips) 
Seat 9: alpinopacino ($11.14 in chips) 
JORGE_JOCELIA: posts small blind $0.02
checabrita: posts big blind $0.05
*** HOLE CARDS ***
Dealt to Dorex2007 [5s 9c]
geniuss: folds 
PokerAleman: folds 
Dorex2007: folds 
SashkoU: folds 
geniuss leaves the table
AGVsmarT: calls $0.05
alpinopacino: raises $0.10 to $0.15
OMG DerClown joins the table at seat #3 
JORGE_JOCELIA: calls $0.13
checabrita: folds 
AGVsmarT: folds 
*** FLOP *** [7c Jc 3s]
JORGE_JOCELIA: checks 
alpinopacino: bets $0.38
JORGE_JOCELIA: folds 
Uncalled bet ($0.38) returned to alpinopacino
alpinopacino collected $0.38 from pot
*** SUMMARY ***
Total pot $0.40 | Rake $0.02 
Board [7c Jc 3s]
Seat 1: JORGE_JOCELIA (small blind) folded on the Flop
Seat 2: checabrita (big blind) folded before Flop
Seat 3: geniuss folded before Flop (didn't bet)
Seat 4: PokerAleman folded before Flop (didn't bet)
Seat 5: Dorex2007 folded before Flop (didn't bet)
Seat 6: SashkoU folded before Flop (didn't bet)
Seat 7: AGVsmarT folded before Flop
Seat 9: alpinopacino (button) collected ($0.38)



PokerStars Hand #237633878517:  Hold'em No Limit ($0.02/$0.05 USD) - 2022/07/27 22:59:36 PT [2022/07/28 1:59:36 ET]
Table 'Mette' 9-max Seat #1 is the button
Seat 1: JORGE_JOCELIA ($8.86 in chips) 
Seat 2: checabrita ($7.23 in chips) 
Seat 3: OMG DerClown ($4 in chips) 
Seat 4: PokerAleman ($5.95 in chips) 
Seat 5: Dorex2007 ($7.30 in chips) 
Seat 6: SashkoU ($5 in chips) 
Seat 7: AGVsmarT ($3.78 in chips) 
Seat 9: alpinopacino ($11.37 in chips) 
checabrita: posts small blind $0.02
OMG DerClown: posts big blind $0.05
*** HOLE CARDS ***
Dealt to Dorex2007 [7d Kc]
PokerAleman has timed out
PokerAleman: folds 
Dorex2007: folds 
SashkoU: folds 
AGVsmarT: calls $0.05
alpinopacino: calls $0.05
JORGE_JOCELIA: folds 
checabrita: calls $0.03
OMG DerClown: checks 
*** FLOP *** [5h 3s Qc]
checabrita: checks 
OMG DerClown: checks 
AGVsmarT: bets $0.05
alpinopacino: calls $0.05
checabrita: folds 
OMG DerClown: folds 
*** TURN *** [5h 3s Qc] [6s]
AGVsmarT: bets $0.10
alpinopacino: calls $0.10
*** RIVER *** [5h 3s Qc 6s] [Jd]
AGVsmarT: checks 
alpinopacino: bets $0.15
AGVsmarT: folds 
Uncalled bet ($0.15) returned to alpinopacino
alpinopacino collected $0.48 from pot
*** SUMMARY ***
Total pot $0.50 | Rake $0.02 
Board [5h 3s Qc 6s Jd]
Seat 1: JORGE_JOCELIA (button) folded before Flop (didn't bet)
Seat 2: checabrita (small blind) folded on the Flop
Seat 3: OMG DerClown (big blind) folded on the Flop
Seat 4: PokerAleman folded before Flop (didn't bet)
Seat 5: Dorex2007 folded before Flop (didn't bet)
Seat 6: SashkoU folded before Flop (didn't bet)
Seat 7: AGVsmarT folded on the River
Seat 9: alpinopacino collected ($0.48)



PokerStars Hand #237633884328:  Hold'em No Limit ($0.02/$0.05 USD) - 2022/07/27 23:00:37 PT [2022/07/28 2:00:37 ET]
Table 'Mette' 9-max Seat #2 is the button
Seat 1: JORGE_JOCELIA ($8.86 in chips) 
Seat 2: checabrita ($7.18 in chips) 
Seat 3: OMG DerClown ($3.95 in chips) 
Seat 4: PokerAleman ($5.95 in chips) 
Seat 5: Dorex2007 ($7.30 in chips) 
Seat 6: SashkoU ($5 in chips) 
Seat 7: AGVsmarT ($3.58 in chips) 
Seat 9: alpinopacino ($11.65 in chips) 
OMG DerClown: posts small blind $0.02
PokerAleman: posts big blind $0.05
*** HOLE CARDS ***
Dealt to Dorex2007 [9c Jd]
Dorex2007: folds 
SashkoU: folds 
AGVsmarT: folds 
alpinopacino: folds 
JORGE_JOCELIA: raises $0.10 to $0.15
checabrita: folds 
OMG DerClown: folds 
PokerAleman: folds 
Uncalled bet ($0.10) returned to JORGE_JOCELIA
JORGE_JOCELIA collected $0.12 from pot
JORGE_JOCELIA: doesn't show hand 
*** SUMMARY ***
Total pot $0.12 | Rake $0 
Seat 1: JORGE_JOCELIA collected ($0.12)
Seat 2: checabrita (button) folded before Flop (didn't bet)
Seat 3: OMG DerClown (small blind) folded before Flop
Seat 4: PokerAleman (big blind) folded before Flop
Seat 5: Dorex2007 folded before Flop (didn't bet)
Seat 6: SashkoU folded before Flop (didn't bet)
Seat 7: AGVsmarT folded before Flop (didn't bet)
Seat 9: alpinopacino folded before Flop (didn't bet)



PokerStars Hand #237633886511:  Hold'em No Limit ($0.02/$0.05 USD) - 2022/07/27 23:00:58 PT [2022/07/28 2:00:58 ET]
Table 'Mette' 9-max Seat #3 is the button
Seat 1: JORGE_JOCELIA ($8.93 in chips) 
Seat 2: checabrita ($7.18 in chips) 
Seat 3: OMG DerClown ($3.93 in chips) 
Seat 4: PokerAleman ($5.90 in chips) 
Seat 5: Dorex2007 ($7.30 in chips) 
Seat 6: SashkoU ($5 in chips) 
Seat 7: AGVsmarT ($3.58 in chips) 
Seat 9: alpinopacino ($11.65 in chips) 
PokerAleman: posts small blind $0.02
Dorex2007: posts big blind $0.05
*** HOLE CARDS ***
Dealt to Dorex2007 [Kc Ts]
SashkoU: folds 
AGVsmarT: calls $0.05
alpinopacino: raises $0.05 to $0.10
JORGE_JOCELIA: folds 
checabrita: folds 
OMG DerClown: folds 
PokerAleman: folds 
Dorex2007: calls $0.05
AGVsmarT: calls $0.05
*** FLOP *** [3s Tc Jh]
Dorex2007: bets $0.15
AGVsmarT: calls $0.15
alpinopacino: calls $0.15
*** TURN *** [3s Tc Jh] [6c]
Dorex2007: checks 
AGVsmarT: checks 
alpinopacino: checks 
*** RIVER *** [3s Tc Jh 6c] [8d]
Dorex2007: bets $0.37
AGVsmarT: folds 
alpinopacino: folds 
Uncalled bet ($0.37) returned to Dorex2007
Dorex2007 collected $0.74 from pot
Dorex2007: doesn't show hand 
*** SUMMARY ***
Total pot $0.77 | Rake $0.03 
Board [3s Tc Jh 6c 8d]
Seat 1: JORGE_JOCELIA folded before Flop (didn't bet)
Seat 2: checabrita folded before Flop (didn't bet)
Seat 3: OMG DerClown (button) folded before Flop (didn't bet)
Seat 4: PokerAleman (small blind) folded before Flop
Seat 5: Dorex2007 (big blind) collected ($0.74)
Seat 6: SashkoU folded before Flop (didn't bet)
Seat 7: AGVsmarT folded on the River
Seat 9: alpinopacino folded on the River



PokerStars Hand #237633893642:  Hold'em No Limit ($0.02/$0.05 USD) - 2022/07/27 23:02:07 PT [2022/07/28 2:02:07 ET]
Table 'Mette' 9-max Seat #4 is the button
Seat 1: JORGE_JOCELIA ($8.93 in chips) 
Seat 2: checabrita ($7.18 in chips) 
Seat 3: OMG DerClown ($3.93 in chips) 
Seat 4: PokerAleman ($5.88 in chips) 
Seat 5: Dorex2007 ($7.79 in chips) 
Seat 6: SashkoU ($5 in chips) 
Seat 7: AGVsmarT ($3.33 in chips) 
Seat 9: alpinopacino ($11.40 in chips) 
Dorex2007: posts small blind $0.02
SashkoU: posts big blind $0.05
yur4ik777: sits out 
*** HOLE CARDS ***
Dealt to Dorex2007 [As Kc]
AGVsmarT: calls $0.05
alpinopacino: calls $0.05
JORGE_JOCELIA: calls $0.05
checabrita: raises $0.25 to $0.30
OMG DerClown: folds 
PokerAleman: calls $0.30
Dorex2007: folds 
SashkoU: folds 
AGVsmarT: folds 
alpinopacino: calls $0.25
JORGE_JOCELIA: calls $0.25
*** FLOP *** [2s Jh 5c]
alpinopacino: checks 
JORGE_JOCELIA: checks 
checabrita: bets $0.32
PokerAleman: calls $0.32
alpinopacino: folds 
JORGE_JOCELIA: folds 
*** TURN *** [2s Jh 5c] [Kd]
checabrita: bets $0.62
PokerAleman: folds 
Uncalled bet ($0.62) returned to checabrita
checabrita collected $1.88 from pot
checabrita: doesn't show hand 
*** SUMMARY ***
Total pot $1.96 | Rake $0.08 
Board [2s Jh 5c Kd]
Seat 1: JORGE_JOCELIA folded on the Flop
Seat 2: checabrita collected ($1.88)
Seat 3: OMG DerClown folded before Flop (didn't bet)
Seat 4: PokerAleman (button) folded on the Turn
Seat 5: Dorex2007 (small blind) folded before Flop
Seat 6: SashkoU (big blind) folded before Flop
Seat 7: AGVsmarT folded before Flop
Seat 9: alpinopacino folded on the Flop



PokerStars Hand #237633900075:  Hold'em No Limit ($0.02/$0.05 USD) - 2022/07/27 23:03:09 PT [2022/07/28 2:03:09 ET]
Table 'Mette' 9-max Seat #5 is the button
Seat 1: JORGE_JOCELIA ($8.63 in chips) 
Seat 2: checabrita ($8.44 in chips) 
Seat 3: OMG DerClown ($3.93 in chips) 
Seat 4: PokerAleman ($5.26 in chips) 
Seat 5: Dorex2007 ($7.77 in chips) 
Seat 6: SashkoU ($5 in chips) 
Seat 7: AGVsmarT ($3.28 in chips) 
Seat 9: alpinopacino ($11.10 in chips) 
SashkoU: posts small blind $0.02
AGVsmarT: posts big blind $0.05
yur4ik777: sits out 
*** HOLE CARDS ***
Dealt to Dorex2007 [9c 6h]
alpinopacino: folds 
JORGE_JOCELIA: calls $0.05
checabrita: raises $0.20 to $0.25
OMG DerClown: folds 
PokerAleman: calls $0.25
Dorex2007: folds 
SashkoU: folds 
AGVsmarT: calls $0.20
JORGE_JOCELIA: calls $0.20
*** FLOP *** [Qd Th 8c]
AGVsmarT: checks 
JORGE_JOCELIA: checks 
checabrita: bets $0.25
PokerAleman: calls $0.25
AGVsmarT: folds 
JORGE_JOCELIA: calls $0.25
*** TURN *** [Qd Th 8c] [5s]
JORGE_JOCELIA: checks 
checabrita: checks 
PokerAleman: checks 
*** RIVER *** [Qd Th 8c 5s] [5d]
JORGE_JOCELIA: bets $0.85
checabrita: folds 
PokerAleman: folds 
Uncalled bet ($0.85) returned to JORGE_JOCELIA
JORGE_JOCELIA collected $1.70 from pot
JORGE_JOCELIA: doesn't show hand 
*** SUMMARY ***
Total pot $1.77 | Rake $0.07 
Board [Qd Th 8c 5s 5d]
Seat 1: JORGE_JOCELIA collected ($1.70)
Seat 2: checabrita folded on the River
Seat 3: OMG DerClown folded before Flop (didn't bet)
Seat 4: PokerAleman folded on the River
Seat 5: Dorex2007 (button) folded before Flop (didn't bet)
Seat 6: SashkoU (small blind) folded before Flop
Seat 7: AGVsmarT (big blind) folded on the Flop
Seat 9: alpinopacino folded before Flop (didn't bet)



PokerStars Hand #237633907514:  Hold'em No Limit ($0.02/$0.05 USD) - 2022/07/27 23:04:20 PT [2022/07/28 2:04:20 ET]
Table 'Mette' 9-max Seat #6 is the button
Seat 1: JORGE_JOCELIA ($9.83 in chips) 
Seat 2: checabrita ($7.94 in chips) 
Seat 3: OMG DerClown ($3.93 in chips) 
Seat 4: PokerAleman ($5 in chips) 
Seat 5: Dorex2007 ($7.77 in chips) 
Seat 6: SashkoU ($5 in chips) 
Seat 7: AGVsmarT ($3.03 in chips) 
Seat 8: yur4ik777 ($10.49 in chips) 
Seat 9: alpinopacino ($11.10 in chips) 
AGVsmarT: posts small blind $0.02
yur4ik777: posts big blind $0.05
*** HOLE CARDS ***
Dealt to Dorex2007 [6h 3d]
alpinopacino: calls $0.05
JORGE_JOCELIA: folds 
checabrita: folds 
OMG DerClown: raises $0.10 to $0.15
PokerAleman: folds 
Dorex2007: folds 
SashkoU: folds 
AGVsmarT: folds 
yur4ik777: folds 
alpinopacino: calls $0.10
*** FLOP *** [8c 4h Kc]
alpinopacino: checks 
OMG DerClown: bets $0.14
alpinopacino: calls $0.14
*** TURN *** [8c 4h Kc] [Ac]
alpinopacino: checks 
OMG DerClown: checks 
*** RIVER *** [8c 4h Kc Ac] [9d]
alpinopacino: bets $0.31
OMG DerClown: calls $0.31
*** SHOW DOWN ***
alpinopacino: shows [9s 9h] (three of a kind, Nines)
OMG DerClown: mucks hand 
alpinopacino collected $1.22 from pot
*** SUMMARY ***
Total pot $1.27 | Rake $0.05 
Board [8c 4h Kc Ac 9d]
Seat 1: JORGE_JOCELIA folded before Flop (didn't bet)
Seat 2: checabrita folded before Flop (didn't bet)
Seat 3: OMG DerClown mucked [Ks Ad]
Seat 4: PokerAleman folded before Flop (didn't bet)
Seat 5: Dorex2007 folded before Flop (didn't bet)
Seat 6: SashkoU (button) folded before Flop (didn't bet)
Seat 7: AGVsmarT (small blind) folded before Flop
Seat 8: yur4ik777 (big blind) folded before Flop
Seat 9: alpinopacino showed [9s 9h] and won ($1.22) with three of a kind, Nines



PokerStars Hand #237633912382:  Hold'em No Limit ($0.02/$0.05 USD) - 2022/07/27 23:05:05 PT [2022/07/28 2:05:05 ET]
Table 'Mette' 9-max Seat #7 is the button
Seat 1: JORGE_JOCELIA ($9.83 in chips) 
Seat 2: checabrita ($7.94 in chips) 
Seat 3: OMG DerClown ($3.33 in chips) 
Seat 4: PokerAleman ($5 in chips) 
Seat 5: Dorex2007 ($7.77 in chips) 
Seat 6: SashkoU ($5 in chips) 
Seat 7: AGVsmarT ($3.01 in chips) 
Seat 8: yur4ik777 ($10.44 in chips) 
Seat 9: alpinopacino ($11.72 in chips) 
yur4ik777: posts small blind $0.02
alpinopacino: posts big blind $0.05
*** HOLE CARDS ***
Dealt to Dorex2007 [4d Th]
JORGE_JOCELIA: raises $0.05 to $0.10
checabrita: folds 
OMG DerClown: folds 
PokerAleman: raises $0.35 to $0.45
Dorex2007: folds 
SashkoU: folds 
AGVsmarT: folds 
yur4ik777: folds 
alpinopacino: folds 
JORGE_JOCELIA: folds 
Uncalled bet ($0.35) returned to PokerAleman
PokerAleman collected $0.27 from pot
PokerAleman: doesn't show hand 
*** SUMMARY ***
Total pot $0.27 | Rake $0 
Seat 1: JORGE_JOCELIA folded before Flop
Seat 2: checabrita folded before Flop (didn't bet)
Seat 3: OMG DerClown folded before Flop (didn't bet)
Seat 4: PokerAleman collected ($0.27)
Seat 5: Dorex2007 folded before Flop (didn't bet)
Seat 6: SashkoU folded before Flop (didn't bet)
Seat 7: AGVsmarT (button) folded before Flop (didn't bet)
Seat 8: yur4ik777 (small blind) folded before Flop
Seat 9: alpinopacino (big blind) folded before Flop



PokerStars Hand #237633915224:  Hold'em No Limit ($0.02/$0.05 USD) - 2022/07/27 23:05:33 PT [2022/07/28 2:05:33 ET]
Table 'Mette' 9-max Seat #8 is the button
Seat 1: JORGE_JOCELIA ($9.73 in chips) 
Seat 2: checabrita ($7.94 in chips) 
Seat 3: OMG DerClown ($3.33 in chips) 
Seat 4: PokerAleman ($5.17 in chips) 
Seat 5: Dorex2007 ($7.77 in chips) 
Seat 6: SashkoU ($5 in chips) 
Seat 7: AGVsmarT ($3.01 in chips) 
Seat 8: yur4ik777 ($10.42 in chips) 
Seat 9: alpinopacino ($11.67 in chips) 
alpinopacino: posts small blind $0.02
JORGE_JOCELIA: posts big blind $0.05
*** HOLE CARDS ***
Dealt to Dorex2007 [6s Jd]
checabrita: folds 
OMG DerClown: folds 
PokerAleman: folds 
Dorex2007: folds 
SashkoU: raises $0.07 to $0.12
AGVsmarT: folds 
yur4ik777: folds 
alpinopacino: calls $0.10
JORGE_JOCELIA: folds 
*** FLOP *** [2s 4s Ah]
alpinopacino: checks 
SashkoU: bets $0.09
alpinopacino: calls $0.09
*** TURN *** [2s 4s Ah] [7d]
alpinopacino: checks 
SashkoU: checks 
*** RIVER *** [2s 4s Ah 7d] [2h]
alpinopacino: bets $0.45
SashkoU: folds 
Uncalled bet ($0.45) returned to alpinopacino
alpinopacino collected $0.45 from pot
*** SUMMARY ***
Total pot $0.47 | Rake $0.02 
Board [2s 4s Ah 7d 2h]
Seat 1: JORGE_JOCELIA (big blind) folded before Flop
Seat 2: checabrita folded before Flop (didn't bet)
Seat 3: OMG DerClown folded before Flop (didn't bet)
Seat 4: PokerAleman folded before Flop (didn't bet)
Seat 5: Dorex2007 folded before Flop (didn't bet)
Seat 6: SashkoU folded on the River
Seat 7: AGVsmarT folded before Flop (didn't bet)
Seat 8: yur4ik777 (button) folded before Flop (didn't bet)
Seat 9: alpinopacino (small blind) collected ($0.45)



PokerStars Hand #237633919986:  Hold'em No Limit ($0.02/$0.05 USD) - 2022/07/27 23:06:18 PT [2022/07/28 2:06:18 ET]
Table 'Mette' 9-max Seat #9 is the button
Seat 1: JORGE_JOCELIA ($9.68 in chips) 
Seat 2: checabrita ($7.94 in chips) 
Seat 3: OMG DerClown ($3.33 in chips) 
Seat 4: PokerAleman ($5.17 in chips) 
Seat 5: Dorex2007 ($7.77 in chips) 
Seat 6: SashkoU ($5 in chips) 
Seat 7: AGVsmarT ($3.01 in chips) 
Seat 8: yur4ik777 ($10.42 in chips) 
Seat 9: alpinopacino ($11.91 in chips) 
JORGE_JOCELIA: posts small blind $0.02
checabrita: posts big blind $0.05
*** HOLE CARDS ***
Dealt to Dorex2007 [7s 8s]
OMG DerClown has timed out
OMG DerClown: folds 
PokerAleman: raises $0.10 to $0.15
Dorex2007: folds 
SashkoU: folds 
AGVsmarT: folds 
yur4ik777: folds 
alpinopacino: folds 
JORGE_JOCELIA: calls $0.13
checabrita: folds 
*** FLOP *** [9d 6s 5c]
JORGE_JOCELIA: checks 
PokerAleman: bets $0.25
JORGE_JOCELIA: calls $0.25
*** TURN *** [9d 6s 5c] [3h]
JORGE_JOCELIA: bets $0.40
PokerAleman: folds 
Uncalled bet ($0.40) returned to JORGE_JOCELIA
JORGE_JOCELIA collected $0.81 from pot
JORGE_JOCELIA: doesn't show hand 
*** SUMMARY ***
Total pot $0.85 | Rake $0.04 
Board [9d 6s 5c 3h]
Seat 1: JORGE_JOCELIA (small blind) collected ($0.81)
Seat 2: checabrita (big blind) folded before Flop
Seat 3: OMG DerClown folded before Flop (didn't bet)
Seat 4: PokerAleman folded on the Turn
Seat 5: Dorex2007 folded before Flop (didn't bet)
Seat 6: SashkoU folded before Flop (didn't bet)
Seat 7: AGVsmarT folded before Flop (didn't bet)
Seat 8: yur4ik777 folded before Flop (didn't bet)
Seat 9: alpinopacino (button) folded before Flop (didn't bet)



PokerStars Hand #237633925593:  Hold'em No Limit ($0.02/$0.05 USD) - 2022/07/27 23:07:11 PT [2022/07/28 2:07:11 ET]
Table 'Mette' 9-max Seat #1 is the button
Seat 1: JORGE_JOCELIA ($10.09 in chips) 
Seat 2: checabrita ($7.89 in chips) 
Seat 4: PokerAleman ($5 in chips) 
Seat 5: Dorex2007 ($7.77 in chips) 
Seat 6: SashkoU ($5 in chips) 
Seat 7: AGVsmarT ($3.01 in chips) 
Seat 8: yur4ik777 ($10.42 in chips) 
Seat 9: alpinopacino ($11.91 in chips) 
checabrita: posts small blind $0.02
PokerAleman: posts big blind $0.05
*** HOLE CARDS ***
Dealt to Dorex2007 [9s Tc]
Dorex2007 has timed out
Dorex2007: folds 
SashkoU: folds 
AGVsmarT: folds 
yur4ik777: calls $0.05
alpinopacino: calls $0.05
JORGE_JOCELIA: folds 
checabrita: folds 
PokerAleman: checks 
*** FLOP *** [Jc Th Qc]
PokerAleman: checks 
yur4ik777: bets $0.10
alpinopacino: folds 
PokerAleman: calls $0.10
*** TURN *** [Jc Th Qc] [Td]
PokerAleman: checks 
yur4ik777: bets $0.20
PokerAleman: folds 
Uncalled bet ($0.20) returned to yur4ik777
yur4ik777 collected $0.35 from pot
yur4ik777: doesn't show hand 
*** SUMMARY ***
Total pot $0.37 | Rake $0.02 
Board [Jc Th Qc Td]
Seat 1: JORGE_JOCELIA (button) folded before Flop (didn't bet)
Seat 2: checabrita (small blind) folded before Flop
Seat 4: PokerAleman (big blind) folded on the Turn
Seat 5: Dorex2007 folded before Flop (didn't bet)
Seat 6: SashkoU folded before Flop (didn't bet)
Seat 7: AGVsmarT folded before Flop (didn't bet)
Seat 8: yur4ik777 collected ($0.35)
Seat 9: alpinopacino folded on the Flop



PokerStars Hand #237633931561:  Hold'em No Limit ($0.02/$0.05 USD) - 2022/07/27 23:08:08 PT [2022/07/28 2:08:08 ET]
Table 'Mette' 9-max Seat #2 is the button
Seat 1: JORGE_JOCELIA ($10.09 in chips) 
Seat 2: checabrita ($7.87 in chips) 
Seat 5: Dorex2007 ($7.77 in chips) 
Seat 6: SashkoU ($5 in chips) 
Seat 7: AGVsmarT ($3.01 in chips) 
Seat 8: yur4ik777 ($10.62 in chips) 
Seat 9: alpinopacino ($11.86 in chips) 
Dorex2007: posts small blind $0.02
SashkoU: posts big blind $0.05
*** HOLE CARDS ***
Dealt to Dorex2007 [5h 7d]
AGVsmarT: folds 
yur4ik777: raises $0.10 to $0.15
alpinopacino: folds 
JORGE_JOCELIA: folds 
checabrita: folds 
Dorex2007: folds 
SashkoU: folds 
Uncalled bet ($0.10) returned to yur4ik777
yur4ik777 collected $0.12 from pot
yur4ik777: doesn't show hand 
*** SUMMARY ***
Total pot $0.12 | Rake $0 
Seat 1: JORGE_JOCELIA folded before Flop (didn't bet)
Seat 2: checabrita (button) folded before Flop (didn't bet)
Seat 5: Dorex2007 (small blind) folded before Flop
Seat 6: SashkoU (big blind) folded before Flop
Seat 7: AGVsmarT folded before Flop (didn't bet)
Seat 8: yur4ik777 collected ($0.12)
Seat 9: alpinopacino folded before Flop (didn't bet)



PokerStars Hand #237633933551:  Hold'em No Limit ($0.02/$0.05 USD) - 2022/07/27 23:08:27 PT [2022/07/28 2:08:27 ET]
Table 'Mette' 9-max Seat #5 is the button
Seat 1: JORGE_JOCELIA ($10.09 in chips) 
Seat 2: checabrita ($7.87 in chips) 
Seat 5: Dorex2007 ($7.75 in chips) 
Seat 6: SashkoU ($5 in chips) 
Seat 7: AGVsmarT ($3.01 in chips) 
Seat 8: yur4ik777 ($10.69 in chips) 
Seat 9: alpinopacino ($11.86 in chips) 
SashkoU: posts small blind $0.02
AGVsmarT: posts big blind $0.05
*** HOLE CARDS ***
Dealt to Dorex2007 [Td 5c]
yur4ik777: folds 
alpinopacino: folds 
JORGE_JOCELIA: folds 
checabrita: folds 
Dorex2007 has timed out
Dorex2007: folds 
SashkoU: folds 
Uncalled bet ($0.03) returned to AGVsmarT
AGVsmarT collected $0.04 from pot
AGVsmarT: doesn't show hand 
*** SUMMARY ***
Total pot $0.04 | Rake $0 
Seat 1: JORGE_JOCELIA folded before Flop (didn't bet)
Seat 2: checabrita folded before Flop (didn't bet)
Seat 5: Dorex2007 (button) folded before Flop (didn't bet)
Seat 6: SashkoU (small blind) folded before Flop
Seat 7: AGVsmarT (big blind) collected ($0.04)
Seat 8: yur4ik777 folded before Flop (didn't bet)
Seat 9: alpinopacino folded before Flop (didn't bet)



PokerStars Hand #237633942519:  Hold'em No Limit ($0.02/$0.05 USD) - 2022/07/27 23:09:51 PT [2022/07/28 2:09:51 ET]
Table 'Mette' 9-max Seat #7 is the button
Seat 1: JORGE_JOCELIA ($10.80 in chips) 
Seat 2: checabrita ($7.87 in chips) 
Seat 5: Dorex2007 ($7.75 in chips) 
Seat 6: SashkoU ($5 in chips) 
Seat 7: AGVsmarT ($2.31 in chips) 
Seat 8: yur4ik777 ($10.64 in chips) 
Seat 9: alpinopacino ($11.86 in chips) 
yur4ik777: posts small blind $0.02
alpinopacino: posts big blind $0.05
*** HOLE CARDS ***
Dealt to Dorex2007 [9c 8h]
JORGE_JOCELIA: folds 
checabrita: folds 
Dorex2007 has timed out
Dorex2007: folds 
SashkoU: folds 
AGVsmarT: folds 
yur4ik777: folds 
Uncalled bet ($0.03) returned to alpinopacino
alpinopacino collected $0.04 from pot
*** SUMMARY ***
Total pot $0.04 | Rake $0 
Seat 1: JORGE_JOCELIA folded before Flop (didn't bet)
Seat 2: checabrita folded before Flop (didn't bet)
Seat 5: Dorex2007 folded before Flop (didn't bet)
Seat 6: SashkoU folded before Flop (didn't bet)
Seat 7: AGVsmarT (button) folded before Flop (didn't bet)
Seat 8: yur4ik777 (small blind) folded before Flop
Seat 9: alpinopacino (big blind) collected ($0.04)



PokerStars Hand #237633945228:  Hold'em No Limit ($0.02/$0.05 USD) - 2022/07/27 23:10:17 PT [2022/07/28 2:10:17 ET]
Table 'Mette' 9-max Seat #8 is the button
Seat 1: JORGE_JOCELIA ($10.80 in chips) 
Seat 2: checabrita ($7.87 in chips) 
Seat 5: Dorex2007 ($7.75 in chips) 
Seat 6: SashkoU ($5 in chips) 
Seat 7: AGVsmarT ($2.31 in chips) 
Seat 8: yur4ik777 ($10.62 in chips) 
Seat 9: alpinopacino ($11.88 in chips) 
alpinopacino: posts small blind $0.02
JORGE_JOCELIA: posts big blind $0.05
PokerAleman: sits out 
*** HOLE CARDS ***
Dealt to Dorex2007 [3c 8h]
checabrita: folds 
Dorex2007 has timed out
Dorex2007: folds 
SashkoU: raises $0.07 to $0.12
AGVsmarT: folds 
yur4ik777: folds 
alpinopacino: folds 
JORGE_JOCELIA: folds 
Uncalled bet ($0.07) returned to SashkoU
SashkoU collected $0.12 from pot
SashkoU: doesn't show hand 
*** SUMMARY ***
Total pot $0.12 | Rake $0 
Seat 1: JORGE_JOCELIA (big blind) folded before Flop
Seat 2: checabrita folded before Flop (didn't bet)
Seat 5: Dorex2007 folded before Flop (didn't bet)
Seat 6: SashkoU collected ($0.12)
Seat 7: AGVsmarT folded before Flop (didn't bet)
Seat 8: yur4ik777 (button) folded before Flop (didn't bet)
Seat 9: alpinopacino (small blind) folded before Flop



PokerStars Hand #237633952044:  Hold'em No Limit ($0.02/$0.05 USD) - 2022/07/27 23:11:21 PT [2022/07/28 2:11:21 ET]
Table 'Mette' 9-max Seat #1 is the button
Seat 1: JORGE_JOCELIA ($10.73 in chips) 
Seat 2: checabrita ($7.82 in chips) 
Seat 4: PokerAleman ($5 in chips) 
Seat 5: Dorex2007 ($7.75 in chips) 
Seat 6: SashkoU ($5.25 in chips) 
Seat 7: AGVsmarT ($4.19 in chips) 
Seat 8: yur4ik777 ($10.62 in chips) 
Seat 9: alpinopacino ($11.86 in chips) 
checabrita: posts small blind $0.02
PokerAleman: posts big blind $0.05
*** HOLE CARDS ***
Dealt to Dorex2007 [6s 3s]
Dorex2007: folds 
SashkoU: folds 
AGVsmarT: raises $0.12 to $0.17
yur4ik777: folds 
alpinopacino: calls $0.17
JORGE_JOCELIA: folds 
checabrita: folds 
PokerAleman: calls $0.12
*** FLOP *** [Kh 4h Qh]
PokerAleman: checks 
AGVsmarT: bets $0.10
alpinopacino: folds 
PokerAleman: folds 
Uncalled bet ($0.10) returned to AGVsmarT
AGVsmarT collected $0.51 from pot
AGVsmarT: doesn't show hand 
*** SUMMARY ***
Total pot $0.53 | Rake $0.02 
Board [Kh 4h Qh]
Seat 1: JORGE_JOCELIA (button) folded before Flop (didn't bet)
Seat 2: checabrita (small blind) folded before Flop
Seat 4: PokerAleman (big blind) folded on the Flop
Seat 5: Dorex2007 folded before Flop (didn't bet)
Seat 6: SashkoU folded before Flop (didn't bet)
Seat 7: AGVsmarT collected ($0.51)
Seat 8: yur4ik777 folded before Flop (didn't bet)
Seat 9: alpinopacino folded on the Flop



PokerStars Hand #237633957340:  Hold'em No Limit ($0.02/$0.05 USD) - 2022/07/27 23:12:10 PT [2022/07/28 2:12:10 ET]
Table 'Mette' 9-max Seat #2 is the button
Seat 1: JORGE_JOCELIA ($10.73 in chips) 
Seat 2: checabrita ($7.80 in chips) 
Seat 4: PokerAleman ($5 in chips) 
Seat 5: Dorex2007 ($7.75 in chips) 
Seat 6: SashkoU ($5.25 in chips) 
Seat 7: AGVsmarT ($4.53 in chips) 
Seat 8: yur4ik777 ($10.62 in chips) 
Seat 9: alpinopacino ($11.69 in chips) 
PokerAleman: posts small blind $0.02
Dorex2007: posts big blind $0.05
*** HOLE CARDS ***
Dealt to Dorex2007 [9d 4s]
SashkoU: raises $0.07 to $0.12
AGVsmarT: calls $0.12
yur4ik777: folds 
alpinopacino: folds 
JORGE_JOCELIA: calls $0.12
checabrita: folds 
PokerAleman: folds 
Dorex2007: folds 
*** FLOP *** [4h 7s 8c]
SashkoU: bets $0.28
AGVsmarT: calls $0.28
JORGE_JOCELIA: folds 
*** TURN *** [4h 7s 8c] [Qs]
SashkoU: checks 
AGVsmarT: bets $0.35
SashkoU: calls $0.35
*** RIVER *** [4h 7s 8c Qs] [Jh]
SashkoU: checks 
AGVsmarT: checks 
*** SHOW DOWN ***
SashkoU: shows [9h 8h] (a pair of Eights)
AGVsmarT: mucks hand 
SashkoU collected $1.62 from pot
*** SUMMARY ***
Total pot $1.69 | Rake $0.07 
Board [4h 7s 8c Qs Jh]
Seat 1: JORGE_JOCELIA folded on the Flop
Seat 2: checabrita (button) folded before Flop (didn't bet)
Seat 4: PokerAleman (small blind) folded before Flop
Seat 5: Dorex2007 (big blind) folded before Flop
Seat 6: SashkoU showed [9h 8h] and won ($1.62) with a pair of Eights
Seat 7: AGVsmarT mucked [4d 5d]
Seat 8: yur4ik777 folded before Flop (didn't bet)
Seat 9: alpinopacino folded before Flop (didn't bet)



PokerStars Hand #237633972731:  Hold'em No Limit ($0.02/$0.05 USD) - 2022/07/27 23:13:27 PT [2022/07/28 2:13:27 ET]
Table 'Mette' 9-max Seat #4 is the button
Seat 1: JORGE_JOCELIA ($10.61 in chips) 
Seat 2: checabrita ($7.80 in chips) 
Seat 4: PokerAleman ($5 in chips) 
Seat 5: Dorex2007 ($7.70 in chips) 
Seat 6: SashkoU ($6.12 in chips) 
Seat 7: AGVsmarT ($3.78 in chips) 
Seat 8: yur4ik777 ($10.62 in chips) 
Seat 9: alpinopacino ($11.69 in chips) 
Dorex2007: posts small blind $0.02
SashkoU: posts big blind $0.05
*** HOLE CARDS ***
Dealt to Dorex2007 [4h Jh]
AGVsmarT: calls $0.05
yur4ik777: folds 
alpinopacino: folds 
JORGE_JOCELIA: folds 
checabrita: folds 
PokerAleman: calls $0.05
Dorex2007: folds 
SashkoU: checks 
*** FLOP *** [4s 5c As]
SashkoU: checks 
AGVsmarT: checks 
PokerAleman: bets $0.20
SashkoU: calls $0.20
AGVsmarT: folds 
*** TURN *** [4s 5c As] [9c]
SashkoU: checks 
PokerAleman: bets $0.35
SashkoU: folds 
Uncalled bet ($0.35) returned to PokerAleman
PokerAleman collected $0.55 from pot
PokerAleman: doesn't show hand 
*** SUMMARY ***
Total pot $0.57 | Rake $0.02 
Board [4s 5c As 9c]
Seat 1: JORGE_JOCELIA folded before Flop (didn't bet)
Seat 2: checabrita folded before Flop (didn't bet)
Seat 4: PokerAleman (button) collected ($0.55)
Seat 5: Dorex2007 (small blind) folded before Flop
Seat 6: SashkoU (big blind) folded on the Turn
Seat 7: AGVsmarT folded on the Flop
Seat 8: yur4ik777 folded before Flop (didn't bet)
Seat 9: alpinopacino folded before Flop (didn't bet)



PokerStars Hand #237633978647:  Hold'em No Limit ($0.02/$0.05 USD) - 2022/07/27 23:14:23 PT [2022/07/28 2:14:23 ET]
Table 'Mette' 9-max Seat #5 is the button
Seat 1: JORGE_JOCELIA ($10.61 in chips) 
Seat 2: checabrita ($7.80 in chips) 
Seat 4: PokerAleman ($5.30 in chips) 
Seat 5: Dorex2007 ($7.68 in chips) 
Seat 6: SashkoU ($5.87 in chips) 
Seat 7: AGVsmarT ($3.73 in chips) 
Seat 8: yur4ik777 ($10.62 in chips) 
Seat 9: alpinopacino ($11.69 in chips) 
SashkoU: posts small blind $0.02
AGVsmarT: posts big blind $0.05
*** HOLE CARDS ***
Dealt to Dorex2007 [Jc 6d]
yur4ik777: folds 
alpinopacino: calls $0.05
JORGE_JOCELIA: folds 
checabrita: folds 
PokerAleman: raises $0.15 to $0.20
Dorex2007: folds 
SashkoU: folds 
AGVsmarT: folds 
alpinopacino: calls $0.15
*** FLOP *** [7h 5c 7d]
alpinopacino: checks 
PokerAleman: bets $0.30
alpinopacino: folds 
Uncalled bet ($0.30) returned to PokerAleman
PokerAleman collected $0.45 from pot
PokerAleman: doesn't show hand 
*** SUMMARY ***
Total pot $0.47 | Rake $0.02 
Board [7h 5c 7d]
Seat 1: JORGE_JOCELIA folded before Flop (didn't bet)
Seat 2: checabrita folded before Flop (didn't bet)
Seat 4: PokerAleman collected ($0.45)
Seat 5: Dorex2007 (button) folded before Flop (didn't bet)
Seat 6: SashkoU (small blind) folded before Flop
Seat 7: AGVsmarT (big blind) folded before Flop
Seat 8: yur4ik777 folded before Flop (didn't bet)
Seat 9: alpinopacino folded on the Flop



PokerStars Hand #237633981239:  Hold'em No Limit ($0.02/$0.05 USD) - 2022/07/27 23:14:47 PT [2022/07/28 2:14:47 ET]
Table 'Mette' 9-max Seat #6 is the button
Seat 1: JORGE_JOCELIA ($10.61 in chips) 
Seat 2: checabrita ($7.80 in chips) 
Seat 4: PokerAleman ($5.55 in chips) 
Seat 5: Dorex2007 ($7.68 in chips) 
Seat 6: SashkoU ($5.85 in chips) 
Seat 7: AGVsmarT ($3.68 in chips) 
Seat 8: yur4ik777 ($10.62 in chips) 
Seat 9: alpinopacino ($11.49 in chips) 
AGVsmarT: posts small blind $0.02
yur4ik777: posts big blind $0.05
*** HOLE CARDS ***
Dealt to Dorex2007 [Jd 4d]
alpinopacino: folds 
JORGE_JOCELIA: folds 
checabrita: folds 
PokerAleman: raises $0.10 to $0.15
Dorex2007: folds 
SashkoU: folds 
AGVsmarT: calls $0.13
yur4ik777: folds 
*** FLOP *** [3d 5h Ks]
AGVsmarT: bets $0.15
PokerAleman: raises $0.40 to $0.55
AGVsmarT: folds 
Uncalled bet ($0.40) returned to PokerAleman
PokerAleman collected $0.62 from pot
PokerAleman: doesn't show hand 
*** SUMMARY ***
Total pot $0.65 | Rake $0.03 
Board [3d 5h Ks]
Seat 1: JORGE_JOCELIA folded before Flop (didn't bet)
Seat 2: checabrita folded before Flop (didn't bet)
Seat 4: PokerAleman collected ($0.62)
Seat 5: Dorex2007 folded before Flop (didn't bet)
Seat 6: SashkoU (button) folded before Flop (didn't bet)
Seat 7: AGVsmarT (small blind) folded on the Flop
Seat 8: yur4ik777 (big blind) folded before Flop
Seat 9: alpinopacino folded before Flop (didn't bet)



PokerStars Hand #237633985216:  Hold'em No Limit ($0.02/$0.05 USD) - 2022/07/27 23:15:25 PT [2022/07/28 2:15:25 ET]
Table 'Mette' 9-max Seat #7 is the button
Seat 1: JORGE_JOCELIA ($10.61 in chips) 
Seat 2: checabrita ($7.80 in chips) 
Seat 4: PokerAleman ($5.87 in chips) 
Seat 5: Dorex2007 ($7.68 in chips) 
Seat 6: SashkoU ($5.85 in chips) 
Seat 7: AGVsmarT ($3.38 in chips) 
Seat 8: yur4ik777 ($10.57 in chips) 
Seat 9: alpinopacino ($11.49 in chips) 
yur4ik777: posts small blind $0.02
alpinopacino: posts big blind $0.05
*** HOLE CARDS ***
Dealt to Dorex2007 [8s 7h]
JORGE_JOCELIA: raises $0.10 to $0.15
checabrita: folds 
PokerAleman: calls $0.15
Dorex2007: folds 
SashkoU: folds 
AGVsmarT: calls $0.15
yur4ik777: folds 
alpinopacino: calls $0.10
*** FLOP *** [3s 9s Ts]
alpinopacino: bets $0.29
JORGE_JOCELIA: folds 
PokerAleman: raises $0.46 to $0.75
AGVsmarT: calls $0.75
alpinopacino: calls $0.46
*** TURN *** [3s 9s Ts] [4c]
alpinopacino: checks 
PokerAleman: bets $4.97 and is all-in
AGVsmarT: calls $2.48 and is all-in
alpinopacino: folds 
Uncalled bet ($2.49) returned to PokerAleman
*** RIVER *** [3s 9s Ts 4c] [Kh]
*** SHOW DOWN ***
PokerAleman: shows [9d Td] (two pair, Tens and Nines)
AGVsmarT: shows [Js 7s] (a flush, Jack high)
AGVsmarT collected $7.51 from pot
*** SUMMARY ***
Total pot $7.83 | Rake $0.32 
Board [3s 9s Ts 4c Kh]
Seat 1: JORGE_JOCELIA folded on the Flop
Seat 2: checabrita folded before Flop (didn't bet)
Seat 4: PokerAleman showed [9d Td] and lost with two pair, Tens and Nines
Seat 5: Dorex2007 folded before Flop (didn't bet)
Seat 6: SashkoU folded before Flop (didn't bet)
Seat 7: AGVsmarT (button) showed [Js 7s] and won ($7.51) with a flush, Jack high
Seat 8: yur4ik777 (small blind) folded before Flop
Seat 9: alpinopacino (big blind) folded on the Turn



PokerStars Hand #237633992424:  Hold'em No Limit ($0.02/$0.05 USD) - 2022/07/27 23:16:33 PT [2022/07/28 2:16:33 ET]
Table 'Mette' 9-max Seat #8 is the button
Seat 1: JORGE_JOCELIA ($10.46 in chips) 
Seat 2: checabrita ($7.80 in chips) 
Seat 4: PokerAleman ($5 in chips) 
Seat 5: Dorex2007 ($7.68 in chips) 
Seat 6: SashkoU ($5.85 in chips) 
Seat 7: AGVsmarT ($7.51 in chips) 
Seat 8: yur4ik777 ($10.55 in chips) 
Seat 9: alpinopacino ($10.59 in chips) 
alpinopacino: posts small blind $0.02
JORGE_JOCELIA: posts big blind $0.05
*** HOLE CARDS ***
Dealt to Dorex2007 [Jh 9h]
checabrita: folds 
PokerAleman: folds 
OMG DerClown leaves the table
Dorex2007: calls $0.05
SashkoU: folds 
AGVsmarT: calls $0.05
yur4ik777: folds 
alpinopacino: calls $0.03
JORGE_JOCELIA: checks 
*** FLOP *** [5c 4d Th]
alpinopacino: checks 
JORGE_JOCELIA: checks 
Dorex2007: checks 
AGVsmarT: checks 
*** TURN *** [5c 4d Th] [6d]
alpinopacino: checks 
JORGE_JOCELIA: bets $0.09
DaniBerg05 joins the table at seat #3 
Dorex2007: folds 
AGVsmarT: folds 
alpinopacino: folds 
Uncalled bet ($0.09) returned to JORGE_JOCELIA
JORGE_JOCELIA collected $0.19 from pot
JORGE_JOCELIA: doesn't show hand 
*** SUMMARY ***
Total pot $0.20 | Rake $0.01 
Board [5c 4d Th 6d]
Seat 1: JORGE_JOCELIA (big blind) collected ($0.19)
Seat 2: checabrita folded before Flop (didn't bet)
Seat 4: PokerAleman folded before Flop (didn't bet)
Seat 5: Dorex2007 folded on the Turn
Seat 6: SashkoU folded before Flop (didn't bet)
Seat 7: AGVsmarT folded on the Turn
Seat 8: yur4ik777 (button) folded before Flop (didn't bet)
Seat 9: alpinopacino (small blind) folded on the Turn



PokerStars Hand #237633998150:  Hold'em No Limit ($0.02/$0.05 USD) - 2022/07/27 23:17:26 PT [2022/07/28 2:17:26 ET]
Table 'Mette' 9-max Seat #9 is the button
Seat 1: JORGE_JOCELIA ($10.60 in chips) 
Seat 2: checabrita ($7.80 in chips) 
Seat 4: PokerAleman ($5 in chips) 
Seat 5: Dorex2007 ($7.63 in chips) 
Seat 6: SashkoU ($5.85 in chips) 
Seat 7: AGVsmarT ($7.46 in chips) 
Seat 8: yur4ik777 ($10.55 in chips) 
Seat 9: alpinopacino ($10.54 in chips) 
JORGE_JOCELIA: posts small blind $0.02
checabrita: posts big blind $0.05
DaniBerg05: sits out 
*** HOLE CARDS ***
Dealt to Dorex2007 [3d 7h]
PokerAleman: raises $0.10 to $0.15
Dorex2007: folds 
SashkoU: folds 
AGVsmarT: folds 
yur4ik777: folds 
alpinopacino: calls $0.15
JORGE_JOCELIA: folds 
checabrita: raises $0.65 to $0.80
PokerAleman: folds 
alpinopacino: calls $0.65
*** FLOP *** [5c Td 7c]
checabrita: bets $0.85
alpinopacino: folds 
Uncalled bet ($0.85) returned to checabrita
checabrita collected $1.70 from pot
checabrita: doesn't show hand 
*** SUMMARY ***
Total pot $1.77 | Rake $0.07 
Board [5c Td 7c]
Seat 1: JORGE_JOCELIA (small blind) folded before Flop
Seat 2: checabrita (big blind) collected ($1.70)
Seat 4: PokerAleman folded before Flop
Seat 5: Dorex2007 folded before Flop (didn't bet)
Seat 6: SashkoU folded before Flop (didn't bet)
Seat 7: AGVsmarT folded before Flop (didn't bet)
Seat 8: yur4ik777 folded before Flop (didn't bet)
Seat 9: alpinopacino (button) folded on the Flop



PokerStars Hand #237634003222:  Hold'em No Limit ($0.02/$0.05 USD) - 2022/07/27 23:18:14 PT [2022/07/28 2:18:14 ET]
Table 'Mette' 9-max Seat #1 is the button
Seat 1: JORGE_JOCELIA ($10.58 in chips) 
Seat 2: checabrita ($8.70 in chips) 
Seat 3: DaniBerg05 ($5 in chips) 
Seat 4: PokerAleman ($5 in chips) 
Seat 5: Dorex2007 ($7.63 in chips) 
Seat 6: SashkoU ($5.85 in chips) 
Seat 7: AGVsmarT ($7.46 in chips) 
Seat 8: yur4ik777 ($10.55 in chips) 
Seat 9: alpinopacino ($9.74 in chips) 
checabrita: posts small blind $0.02
DaniBerg05: posts big blind $0.05
*** HOLE CARDS ***
Dealt to Dorex2007 [Tc Qs]
PokerAleman: folds 
Dorex2007: calls $0.05
SashkoU: raises $0.17 to $0.22
AGVsmarT: folds 
yur4ik777: folds 
alpinopacino: folds 
JORGE_JOCELIA: folds 
checabrita: folds 
DaniBerg05: folds 
Dorex2007: folds 
Uncalled bet ($0.17) returned to SashkoU
SashkoU collected $0.17 from pot
SashkoU: doesn't show hand 
*** SUMMARY ***
Total pot $0.17 | Rake $0 
Seat 1: JORGE_JOCELIA (button) folded before Flop (didn't bet)
Seat 2: checabrita (small blind) folded before Flop
Seat 3: DaniBerg05 (big blind) folded before Flop
Seat 4: PokerAleman folded before Flop (didn't bet)
Seat 5: Dorex2007 folded before Flop
Seat 6: SashkoU collected ($0.17)
Seat 7: AGVsmarT folded before Flop (didn't bet)
Seat 8: yur4ik777 folded before Flop (didn't bet)
Seat 9: alpinopacino folded before Flop (didn't bet)



PokerStars Hand #237634005994:  Hold'em No Limit ($0.02/$0.05 USD) - 2022/07/27 23:18:40 PT [2022/07/28 2:18:40 ET]
Table 'Mette' 9-max Seat #2 is the button
Seat 1: JORGE_JOCELIA ($10.58 in chips) 
Seat 2: checabrita ($8.68 in chips) 
Seat 3: DaniBerg05 ($5 in chips) 
Seat 4: PokerAleman ($5 in chips) 
Seat 5: Dorex2007 ($7.58 in chips) 
Seat 6: SashkoU ($5.97 in chips) 
Seat 7: AGVsmarT ($7.46 in chips) 
Seat 8: yur4ik777 ($10.55 in chips) 
Seat 9: alpinopacino ($9.74 in chips) 
DaniBerg05: posts small blind $0.02
PokerAleman: posts big blind $0.05
*** HOLE CARDS ***
Dealt to Dorex2007 [Jd 6h]
Dorex2007 has timed out
Dorex2007: folds 
SashkoU: folds 
AGVsmarT: folds 
yur4ik777: folds 
alpinopacino: raises $0.10 to $0.15
JORGE_JOCELIA: folds 
checabrita: folds 
DaniBerg05: folds 
PokerAleman: calls $0.10
*** FLOP *** [3s 7c 8d]
PokerAleman: checks 
alpinopacino: checks 
*** TURN *** [3s 7c 8d] [Tc]
PokerAleman: bets $0.25
alpinopacino: calls $0.25
*** RIVER *** [3s 7c 8d Tc] [9s]
PokerAleman: checks 
alpinopacino: checks 
*** SHOW DOWN ***
PokerAleman: shows [8h 7d] (two pair, Eights and Sevens)
alpinopacino: mucks hand 
PokerAleman collected $0.79 from pot
*** SUMMARY ***
Total pot $0.82 | Rake $0.03 
Board [3s 7c 8d Tc 9s]
Seat 1: JORGE_JOCELIA folded before Flop (didn't bet)
Seat 2: checabrita (button) folded before Flop (didn't bet)
Seat 3: DaniBerg05 (small blind) folded before Flop
Seat 4: PokerAleman (big blind) showed [8h 7d] and won ($0.79) with two pair, Eights and Sevens
Seat 5: Dorex2007 folded before Flop (didn't bet)
Seat 6: SashkoU folded before Flop (didn't bet)
Seat 7: AGVsmarT folded before Flop (didn't bet)
Seat 8: yur4ik777 folded before Flop (didn't bet)
Seat 9: alpinopacino mucked [Qs Ac]



PokerStars Hand #237634010551:  Hold'em No Limit ($0.02/$0.05 USD) - 2022/07/27 23:19:22 PT [2022/07/28 2:19:22 ET]
Table 'Mette' 9-max Seat #3 is the button
Seat 1: JORGE_JOCELIA ($10.58 in chips) 
Seat 2: checabrita ($8.68 in chips) 
Seat 3: DaniBerg05 ($5 in chips) 
Seat 4: PokerAleman ($5.39 in chips) 
Seat 5: Dorex2007 ($7.58 in chips) 
Seat 6: SashkoU ($5.97 in chips) 
Seat 7: AGVsmarT ($7.46 in chips) 
Seat 8: yur4ik777 ($10.55 in chips) 
Seat 9: alpinopacino ($9.34 in chips) 
PokerAleman: posts small blind $0.02
Dorex2007: posts big blind $0.05
*** HOLE CARDS ***
Dealt to Dorex2007 [2c 8c]
SashkoU: folds 
AGVsmarT: calls $0.05
yur4ik777: folds 
alpinopacino: folds 
JORGE_JOCELIA: folds 
checabrita: folds 
DaniBerg05: folds 
PokerAleman: calls $0.03
Dorex2007: checks 
*** FLOP *** [Js 3d 7d]
PokerAleman: bets $0.14
Dorex2007: folds 
AGVsmarT: calls $0.14
*** TURN *** [Js 3d 7d] [6d]
PokerAleman: checks 
AGVsmarT: bets $0.30
PokerAleman: folds 
Uncalled bet ($0.30) returned to AGVsmarT
AGVsmarT collected $0.41 from pot
AGVsmarT: doesn't show hand 
*** SUMMARY ***
Total pot $0.43 | Rake $0.02 
Board [Js 3d 7d 6d]
Seat 1: JORGE_JOCELIA folded before Flop (didn't bet)
Seat 2: checabrita folded before Flop (didn't bet)
Seat 3: DaniBerg05 (button) folded before Flop (didn't bet)
Seat 4: PokerAleman (small blind) folded on the Turn
Seat 5: Dorex2007 (big blind) folded on the Flop
Seat 6: SashkoU folded before Flop (didn't bet)
Seat 7: AGVsmarT collected ($0.41)
Seat 8: yur4ik777 folded before Flop (didn't bet)
Seat 9: alpinopacino folded before Flop (didn't bet)



PokerStars Hand #237634014467:  Hold'em No Limit ($0.02/$0.05 USD) - 2022/07/27 23:19:58 PT [2022/07/28 2:19:58 ET]
Table 'Mette' 9-max Seat #4 is the button
Seat 1: JORGE_JOCELIA ($10.58 in chips) 
Seat 2: checabrita ($8.68 in chips) 
Seat 3: DaniBerg05 ($5 in chips) 
Seat 4: PokerAleman ($5.20 in chips) 
Seat 5: Dorex2007 ($7.53 in chips) 
Seat 6: SashkoU ($5.97 in chips) 
Seat 7: AGVsmarT ($7.68 in chips) 
Seat 8: yur4ik777 ($10.55 in chips) 
Seat 9: alpinopacino ($9.34 in chips) 
Dorex2007: posts small blind $0.02
SashkoU: posts big blind $0.05
*** HOLE CARDS ***
Dealt to Dorex2007 [4d 4s]
AGVsmarT: calls $0.05
yur4ik777: folds 
alpinopacino: folds 
JORGE_JOCELIA: folds 
checabrita: folds 
DaniBerg05: folds 
PokerAleman: raises $0.15 to $0.20
Dorex2007: folds 
SashkoU: folds 
AGVsmarT: folds 
Uncalled bet ($0.15) returned to PokerAleman
PokerAleman collected $0.17 from pot
PokerAleman: doesn't show hand 
*** SUMMARY ***
Total pot $0.17 | Rake $0 
Seat 1: JORGE_JOCELIA folded before Flop (didn't bet)
Seat 2: checabrita folded before Flop (didn't bet)
Seat 3: DaniBerg05 folded before Flop (didn't bet)
Seat 4: PokerAleman (button) collected ($0.17)
Seat 5: Dorex2007 (small blind) folded before Flop
Seat 6: SashkoU (big blind) folded before Flop
Seat 7: AGVsmarT folded before Flop
Seat 8: yur4ik777 folded before Flop (didn't bet)
Seat 9: alpinopacino folded before Flop (didn't bet)



PokerStars Hand #237634018702:  Hold'em No Limit ($0.02/$0.05 USD) - 2022/07/27 23:20:37 PT [2022/07/28 2:20:37 ET]
Table 'Mette' 9-max Seat #5 is the button
Seat 1: JORGE_JOCELIA ($10.58 in chips) 
Seat 2: checabrita ($8.68 in chips) 
Seat 3: DaniBerg05 ($5 in chips) 
Seat 4: PokerAleman ($5.32 in chips) 
Seat 5: Dorex2007 ($7.51 in chips) 
Seat 6: SashkoU ($5.92 in chips) 
Seat 7: AGVsmarT ($7.63 in chips) 
Seat 8: yur4ik777 ($10.55 in chips) 
Seat 9: alpinopacino ($9.34 in chips) 
SashkoU: posts small blind $0.02
AGVsmarT: posts big blind $0.05
*** HOLE CARDS ***
Dealt to Dorex2007 [Td 6s]
yur4ik777: folds 
alpinopacino: raises $0.05 to $0.10
JORGE_JOCELIA: folds 
checabrita: folds 
DaniBerg05: folds 
PokerAleman: calls $0.10
Dorex2007: folds 
SashkoU: folds 
AGVsmarT: folds 
*** FLOP *** [6c 5d Ah]
alpinopacino: bets $0.13
PokerAleman: calls $0.13
*** TURN *** [6c 5d Ah] [Jh]
alpinopacino: bets $0.25
PokerAleman: folds 
Uncalled bet ($0.25) returned to alpinopacino
alpinopacino collected $0.51 from pot
*** SUMMARY ***
Total pot $0.53 | Rake $0.02 
Board [6c 5d Ah Jh]
Seat 1: JORGE_JOCELIA folded before Flop (didn't bet)
Seat 2: checabrita folded before Flop (didn't bet)
Seat 3: DaniBerg05 folded before Flop (didn't bet)
Seat 4: PokerAleman folded on the Turn
Seat 5: Dorex2007 (button) folded before Flop (didn't bet)
Seat 6: SashkoU (small blind) folded before Flop
Seat 7: AGVsmarT (big blind) folded before Flop
Seat 8: yur4ik777 folded before Flop (didn't bet)
Seat 9: alpinopacino collected ($0.51)



PokerStars Hand #237634022988:  Hold'em No Limit ($0.02/$0.05 USD) - 2022/07/27 23:21:17 PT [2022/07/28 2:21:17 ET]
Table 'Mette' 9-max Seat #6 is the button
Seat 1: JORGE_JOCELIA ($10.58 in chips) 
Seat 2: checabrita ($8.68 in chips) 
Seat 3: DaniBerg05 ($5 in chips) 
Seat 4: PokerAleman ($5.09 in chips) 
Seat 5: Dorex2007 ($7.51 in chips) 
Seat 6: SashkoU ($5.90 in chips) 
Seat 7: AGVsmarT ($7.58 in chips) 
Seat 8: yur4ik777 ($10.55 in chips) 
Seat 9: alpinopacino ($9.62 in chips) 
AGVsmarT: posts small blind $0.02
yur4ik777: posts big blind $0.05
*** HOLE CARDS ***
Dealt to Dorex2007 [7s Qc]
alpinopacino: folds 
JORGE_JOCELIA: folds 
checabrita: folds 
DaniBerg05: folds 
PokerAleman: raises $0.10 to $0.15
Dorex2007: folds 
SashkoU: folds 
AGVsmarT: folds 
yur4ik777: folds 
Uncalled bet ($0.10) returned to PokerAleman
PokerAleman collected $0.12 from pot
PokerAleman: doesn't show hand 
*** SUMMARY ***
Total pot $0.12 | Rake $0 
Seat 1: JORGE_JOCELIA folded before Flop (didn't bet)
Seat 2: checabrita folded before Flop (didn't bet)
Seat 3: DaniBerg05 folded before Flop (didn't bet)
Seat 4: PokerAleman collected ($0.12)
Seat 5: Dorex2007 folded before Flop (didn't bet)
Seat 6: SashkoU (button) folded before Flop (didn't bet)
Seat 7: AGVsmarT (small blind) folded before Flop
Seat 8: yur4ik777 (big blind) folded before Flop
Seat 9: alpinopacino folded before Flop (didn't bet)



PokerStars Hand #237634026387:  Hold'em No Limit ($0.02/$0.05 USD) - 2022/07/27 23:21:49 PT [2022/07/28 2:21:49 ET]
Table 'Mette' 9-max Seat #7 is the button
Seat 1: JORGE_JOCELIA ($10.58 in chips) 
Seat 2: checabrita ($8.68 in chips) 
Seat 3: DaniBerg05 ($5 in chips) 
Seat 4: PokerAleman ($5.16 in chips) 
Seat 5: Dorex2007 ($7.51 in chips) 
Seat 6: SashkoU ($5.90 in chips) 
Seat 7: AGVsmarT ($7.56 in chips) 
Seat 8: yur4ik777 ($10.50 in chips) 
Seat 9: alpinopacino ($9.62 in chips) 
yur4ik777: posts small blind $0.02
alpinopacino: posts big blind $0.05
*** HOLE CARDS ***
Dealt to Dorex2007 [Ac 8h]
JORGE_JOCELIA: raises $0.10 to $0.15
checabrita: folds 
DaniBerg05: raises $0.30 to $0.45
PokerAleman: calls $0.45
Dorex2007: folds 
SashkoU: folds 
AGVsmarT: folds 
yur4ik777: folds 
alpinopacino: folds 
JORGE_JOCELIA: calls $0.30
*** FLOP *** [8s 7c 9c]
JORGE_JOCELIA: checks 
DaniBerg05: checks 
PokerAleman: bets $1.10
JORGE_JOCELIA: folds 
DaniBerg05: folds 
Uncalled bet ($1.10) returned to PokerAleman
PokerAleman collected $1.36 from pot
PokerAleman: doesn't show hand 
*** SUMMARY ***
Total pot $1.42 | Rake $0.06 
Board [8s 7c 9c]
Seat 1: JORGE_JOCELIA folded on the Flop
Seat 2: checabrita folded before Flop (didn't bet)
Seat 3: DaniBerg05 folded on the Flop
Seat 4: PokerAleman collected ($1.36)
Seat 5: Dorex2007 folded before Flop (didn't bet)
Seat 6: SashkoU folded before Flop (didn't bet)
Seat 7: AGVsmarT (button) folded before Flop (didn't bet)
Seat 8: yur4ik777 (small blind) folded before Flop
Seat 9: alpinopacino (big blind) folded before Flop



PokerStars Hand #237634031786:  Hold'em No Limit ($0.02/$0.05 USD) - 2022/07/27 23:22:40 PT [2022/07/28 2:22:40 ET]
Table 'Mette' 9-max Seat #8 is the button
Seat 1: JORGE_JOCELIA ($10.13 in chips) 
Seat 2: checabrita ($8.68 in chips) 
Seat 3: DaniBerg05 ($5 in chips) 
Seat 4: PokerAleman ($6.07 in chips) 
Seat 5: Dorex2007 ($7.51 in chips) 
Seat 6: SashkoU ($5.90 in chips) 
Seat 7: AGVsmarT ($7.56 in chips) 
Seat 8: yur4ik777 ($10.48 in chips) 
Seat 9: alpinopacino ($9.57 in chips) 
alpinopacino: posts small blind $0.02
JORGE_JOCELIA: posts big blind $0.05
*** HOLE CARDS ***
Dealt to Dorex2007 [5h 6c]
checabrita: folds 
DaniBerg05: folds 
PokerAleman: folds 
Dorex2007: folds 
SashkoU: folds 
AGVsmarT: raises $0.12 to $0.17
yur4ik777: folds 
alpinopacino: calls $0.15
JORGE_JOCELIA: folds 
*** FLOP *** [Ks 4h 2h]
alpinopacino: checks 
AGVsmarT: bets $0.10
alpinopacino: folds 
Uncalled bet ($0.10) returned to AGVsmarT
AGVsmarT collected $0.37 from pot
AGVsmarT: doesn't show hand 
*** SUMMARY ***
Total pot $0.39 | Rake $0.02 
Board [Ks 4h 2h]
Seat 1: JORGE_JOCELIA (big blind) folded before Flop
Seat 2: checabrita folded before Flop (didn't bet)
Seat 3: DaniBerg05 folded before Flop (didn't bet)
Seat 4: PokerAleman folded before Flop (didn't bet)
Seat 5: Dorex2007 folded before Flop (didn't bet)
Seat 6: SashkoU folded before Flop (didn't bet)
Seat 7: AGVsmarT collected ($0.37)
Seat 8: yur4ik777 (button) folded before Flop (didn't bet)
Seat 9: alpinopacino (small blind) folded on the Flop



PokerStars Hand #237634034318:  Hold'em No Limit ($0.02/$0.05 USD) - 2022/07/27 23:23:04 PT [2022/07/28 2:23:04 ET]
Table 'Mette' 9-max Seat #9 is the button
Seat 1: JORGE_JOCELIA ($10.08 in chips) 
Seat 2: checabrita ($8.68 in chips) 
Seat 3: DaniBerg05 ($5 in chips) 
Seat 4: PokerAleman ($6.07 in chips) 
Seat 5: Dorex2007 ($7.51 in chips) 
Seat 6: SashkoU ($5.90 in chips) 
Seat 7: AGVsmarT ($7.76 in chips) 
Seat 8: yur4ik777 ($10.48 in chips) 
Seat 9: alpinopacino ($9.40 in chips) 
JORGE_JOCELIA: posts small blind $0.02
checabrita: posts big blind $0.05
*** HOLE CARDS ***
Dealt to Dorex2007 [7c 7d]
DaniBerg05: raises $0.10 to $0.15
PokerAleman: folds 
Dorex2007: calls $0.15
SashkoU: folds 
AGVsmarT: folds 
yur4ik777: folds 
alpinopacino: folds 
JORGE_JOCELIA: folds 
checabrita: raises $0.60 to $0.75
DaniBerg05: folds 
Dorex2007: folds 
Uncalled bet ($0.60) returned to checabrita
checabrita collected $0.47 from pot
checabrita: doesn't show hand 
*** SUMMARY ***
Total pot $0.47 | Rake $0 
Seat 1: JORGE_JOCELIA (small blind) folded before Flop
Seat 2: checabrita (big blind) collected ($0.47)
Seat 3: DaniBerg05 folded before Flop
Seat 4: PokerAleman folded before Flop (didn't bet)
Seat 5: Dorex2007 folded before Flop
Seat 6: SashkoU folded before Flop (didn't bet)
Seat 7: AGVsmarT folded before Flop (didn't bet)
Seat 8: yur4ik777 folded before Flop (didn't bet)
Seat 9: alpinopacino (button) folded before Flop (didn't bet)



PokerStars Hand #237634038169:  Hold'em No Limit ($0.02/$0.05 USD) - 2022/07/27 23:23:41 PT [2022/07/28 2:23:41 ET]
Table 'Mette' 9-max Seat #1 is the button
Seat 1: JORGE_JOCELIA ($10.06 in chips) 
Seat 2: checabrita ($9 in chips) 
Seat 3: DaniBerg05 ($5 in chips) 
Seat 4: PokerAleman ($6.07 in chips) 
Seat 5: Dorex2007 ($7.36 in chips) 
Seat 6: SashkoU ($5.90 in chips) 
Seat 7: AGVsmarT ($7.76 in chips) 
Seat 8: yur4ik777 ($10.48 in chips) 
Seat 9: alpinopacino ($9.40 in chips) 
checabrita: posts small blind $0.02
DaniBerg05: posts big blind $0.05
*** HOLE CARDS ***
Dealt to Dorex2007 [9d 8c]
PokerAleman: folds 
Dorex2007 has timed out
Dorex2007: folds 
SashkoU: raises $0.07 to $0.12
AGVsmarT: folds 
yur4ik777: calls $0.12
alpinopacino: calls $0.12
JORGE_JOCELIA: folds 
checabrita: folds 
DaniBerg05: folds 
*** FLOP *** [Qd 3h 6s]
SashkoU: checks 
yur4ik777: checks 
alpinopacino: bets $0.15
SashkoU: folds 
yur4ik777: folds 
Uncalled bet ($0.15) returned to alpinopacino
alpinopacino collected $0.41 from pot
*** SUMMARY ***
Total pot $0.43 | Rake $0.02 
Board [Qd 3h 6s]
Seat 1: JORGE_JOCELIA (button) folded before Flop (didn't bet)
Seat 2: checabrita (small blind) folded before Flop
Seat 3: DaniBerg05 (big blind) folded before Flop
Seat 4: PokerAleman folded before Flop (didn't bet)
Seat 5: Dorex2007 folded before Flop (didn't bet)
Seat 6: SashkoU folded on the Flop
Seat 7: AGVsmarT folded before Flop (didn't bet)
Seat 8: yur4ik777 folded on the Flop
Seat 9: alpinopacino collected ($0.41)



PokerStars Hand #237634043566:  Hold'em No Limit ($0.02/$0.05 USD) - 2022/07/27 23:24:32 PT [2022/07/28 2:24:32 ET]
Table 'Mette' 9-max Seat #2 is the button
Seat 1: JORGE_JOCELIA ($10.06 in chips) 
Seat 2: checabrita ($8.98 in chips) 
Seat 3: DaniBerg05 ($5 in chips) 
Seat 4: PokerAleman ($6.07 in chips) 
Seat 5: Dorex2007 ($7.36 in chips) 
Seat 6: SashkoU ($5.78 in chips) 
Seat 7: AGVsmarT ($7.76 in chips) 
Seat 8: yur4ik777 ($10.36 in chips) 
Seat 9: alpinopacino ($9.69 in chips) 
DaniBerg05: posts small blind $0.02
PokerAleman: posts big blind $0.05
*** HOLE CARDS ***
Dealt to Dorex2007 [Qd 8c]
Dorex2007: folds 
SashkoU: folds 
AGVsmarT: folds 
yur4ik777: folds 
alpinopacino: folds 
JORGE_JOCELIA: folds 
checabrita: folds 
DaniBerg05: raises $0.10 to $0.15
PokerAleman: calls $0.10
*** FLOP *** [9d 2s Kc]
DaniBerg05: bets $0.15
PokerAleman: raises $0.20 to $0.35
DaniBerg05: calls $0.20
*** TURN *** [9d 2s Kc] [2d]
DaniBerg05: checks 
PokerAleman: bets $0.60
DaniBerg05: folds 
Uncalled bet ($0.60) returned to PokerAleman
PokerAleman collected $0.96 from pot
PokerAleman: doesn't show hand 
*** SUMMARY ***
Total pot $1 | Rake $0.04 
Board [9d 2s Kc 2d]
Seat 1: JORGE_JOCELIA folded before Flop (didn't bet)
Seat 2: checabrita (button) folded before Flop (didn't bet)
Seat 3: DaniBerg05 (small blind) folded on the Turn
Seat 4: PokerAleman (big blind) collected ($0.96)
Seat 5: Dorex2007 folded before Flop (didn't bet)
Seat 6: SashkoU folded before Flop (didn't bet)
Seat 7: AGVsmarT folded before Flop (didn't bet)
Seat 8: yur4ik777 folded before Flop (didn't bet)
Seat 9: alpinopacino folded before Flop (didn't bet)



PokerStars Hand #237634050719:  Hold'em No Limit ($0.02/$0.05 USD) - 2022/07/27 23:25:40 PT [2022/07/28 2:25:40 ET]
Table 'Mette' 9-max Seat #3 is the button
Seat 1: JORGE_JOCELIA ($10.06 in chips) 
Seat 2: checabrita ($8.98 in chips) 
Seat 3: DaniBerg05 ($5 in chips) 
Seat 4: PokerAleman ($6.53 in chips) 
Seat 5: Dorex2007 ($7.36 in chips) 
Seat 6: SashkoU ($5.78 in chips) 
Seat 7: AGVsmarT ($7.76 in chips) 
Seat 8: yur4ik777 ($10.36 in chips) 
Seat 9: alpinopacino ($9.69 in chips) 
PokerAleman: posts small blind $0.02
Dorex2007: posts big blind $0.05
*** HOLE CARDS ***
Dealt to Dorex2007 [6h Jd]
SashkoU: folds 
AGVsmarT: calls $0.05
yur4ik777: folds 
alpinopacino: folds 
JORGE_JOCELIA: raises $0.10 to $0.15
checabrita: folds 
DaniBerg05: folds 
PokerAleman: calls $0.13
Dorex2007: folds 
AGVsmarT: calls $0.10
*** FLOP *** [Qc 9d As]
PokerAleman: checks 
AGVsmarT: checks 
JORGE_JOCELIA: checks 
*** TURN *** [Qc 9d As] [Qs]
PokerAleman: bets $0.48
AGVsmarT: folds 
JORGE_JOCELIA: folds 
Uncalled bet ($0.48) returned to PokerAleman
PokerAleman collected $0.48 from pot
PokerAleman: doesn't show hand 
*** SUMMARY ***
Total pot $0.50 | Rake $0.02 
Board [Qc 9d As Qs]
Seat 1: JORGE_JOCELIA folded on the Turn
Seat 2: checabrita folded before Flop (didn't bet)
Seat 3: DaniBerg05 (button) folded before Flop (didn't bet)
Seat 4: PokerAleman (small blind) collected ($0.48)
Seat 5: Dorex2007 (big blind) folded before Flop
Seat 6: SashkoU folded before Flop (didn't bet)
Seat 7: AGVsmarT folded on the Turn
Seat 8: yur4ik777 folded before Flop (didn't bet)
Seat 9: alpinopacino folded before Flop (didn't bet)



PokerStars Hand #237634054930:  Hold'em No Limit ($0.02/$0.05 USD) - 2022/07/27 23:26:21 PT [2022/07/28 2:26:21 ET]
Table 'Mette' 9-max Seat #4 is the button
Seat 1: JORGE_JOCELIA ($9.91 in chips) 
Seat 2: checabrita ($8.98 in chips) 
Seat 3: DaniBerg05 ($5 in chips) 
Seat 4: PokerAleman ($6.86 in chips) 
Seat 5: Dorex2007 ($7.31 in chips) 
Seat 6: SashkoU ($5.78 in chips) 
Seat 7: AGVsmarT ($7.61 in chips) 
Seat 8: yur4ik777 ($10.36 in chips) 
Seat 9: alpinopacino ($9.69 in chips) 
Dorex2007: posts small blind $0.02
SashkoU: posts big blind $0.05
*** HOLE CARDS ***
Dealt to Dorex2007 [2c 8d]
AGVsmarT: calls $0.05
yur4ik777: folds 
alpinopacino: folds 
JORGE_JOCELIA: folds 
checabrita: folds 
DaniBerg05: folds 
PokerAleman: raises $0.10 to $0.15
Dorex2007: folds 
SashkoU: folds 
AGVsmarT: calls $0.10
*** FLOP *** [4s 6s 3h]
AGVsmarT: bets $0.10
PokerAleman: raises $0.25 to $0.35
AGVsmarT: folds 
Uncalled bet ($0.25) returned to PokerAleman
PokerAleman collected $0.55 from pot
PokerAleman: doesn't show hand 
*** SUMMARY ***
Total pot $0.57 | Rake $0.02 
Board [4s 6s 3h]
Seat 1: JORGE_JOCELIA folded before Flop (didn't bet)
Seat 2: checabrita folded before Flop (didn't bet)
Seat 3: DaniBerg05 folded before Flop (didn't bet)
Seat 4: PokerAleman (button) collected ($0.55)
Seat 5: Dorex2007 (small blind) folded before Flop
Seat 6: SashkoU (big blind) folded before Flop
Seat 7: AGVsmarT folded on the Flop
Seat 8: yur4ik777 folded before Flop (didn't bet)
Seat 9: alpinopacino folded before Flop (didn't bet)



PokerStars Hand #237634058419:  Hold'em No Limit ($0.02/$0.05 USD) - 2022/07/27 23:26:54 PT [2022/07/28 2:26:54 ET]
Table 'Mette' 9-max Seat #5 is the button
Seat 1: JORGE_JOCELIA ($9.91 in chips) 
Seat 2: checabrita ($8.98 in chips) 
Seat 3: DaniBerg05 ($5 in chips) 
Seat 4: PokerAleman ($7.16 in chips) 
Seat 5: Dorex2007 ($7.29 in chips) 
Seat 6: SashkoU ($5.73 in chips) 
Seat 7: AGVsmarT ($7.36 in chips) 
Seat 8: yur4ik777 ($10.36 in chips) 
Seat 9: alpinopacino ($9.69 in chips) 
SashkoU: posts small blind $0.02
AGVsmarT: posts big blind $0.05
*** HOLE CARDS ***
Dealt to Dorex2007 [Qc 6c]
yur4ik777: folds 
alpinopacino: folds 
JORGE_JOCELIA: folds 
checabrita: folds 
DaniBerg05: folds 
PokerAleman: folds 
Dorex2007: folds 
SashkoU: raises $0.10 to $0.15
AGVsmarT: folds 
Uncalled bet ($0.10) returned to SashkoU
SashkoU collected $0.10 from pot
SashkoU: doesn't show hand 
*** SUMMARY ***
Total pot $0.10 | Rake $0 
Seat 1: JORGE_JOCELIA folded before Flop (didn't bet)
Seat 2: checabrita folded before Flop (didn't bet)
Seat 3: DaniBerg05 folded before Flop (didn't bet)
Seat 4: PokerAleman folded before Flop (didn't bet)
Seat 5: Dorex2007 (button) folded before Flop (didn't bet)
Seat 6: SashkoU (small blind) collected ($0.10)
Seat 7: AGVsmarT (big blind) folded before Flop
Seat 8: yur4ik777 folded before Flop (didn't bet)
Seat 9: alpinopacino folded before Flop (didn't bet)



PokerStars Hand #237634060992:  Hold'em No Limit ($0.02/$0.05 USD) - 2022/07/27 23:27:19 PT [2022/07/28 2:27:19 ET]
Table 'Mette' 9-max Seat #6 is the button
Seat 1: JORGE_JOCELIA ($9.91 in chips) 
Seat 2: checabrita ($8.98 in chips) 
Seat 3: DaniBerg05 ($5 in chips) 
Seat 4: PokerAleman ($7.16 in chips) 
Seat 5: Dorex2007 ($7.29 in chips) 
Seat 6: SashkoU ($5.78 in chips) 
Seat 7: AGVsmarT ($7.31 in chips) 
Seat 8: yur4ik777 ($10.36 in chips) 
Seat 9: alpinopacino ($9.69 in chips) 
AGVsmarT: posts small blind $0.02
yur4ik777: posts big blind $0.05
*** HOLE CARDS ***
Dealt to Dorex2007 [9d Qs]
alpinopacino: raises $0.05 to $0.10
JORGE_JOCELIA: folds 
checabrita: folds 
DaniBerg05: folds 
PokerAleman: calls $0.10
Dorex2007: folds 
SashkoU: folds 
AGVsmarT: folds 
yur4ik777: folds 
*** FLOP *** [3c 5s Jh]
alpinopacino: bets $0.10
PokerAleman: raises $0.23 to $0.33
alpinopacino: calls $0.23
*** TURN *** [3c 5s Jh] [9s]
alpinopacino: checks 
PokerAleman: checks 
*** RIVER *** [3c 5s Jh 9s] [7c]
alpinopacino: checks 
PokerAleman: bets $0.45
alpinopacino: calls $0.45
*** SHOW DOWN ***
PokerAleman: shows [Ac 9h] (a pair of Nines)
alpinopacino: mucks hand 
PokerAleman collected $1.75 from pot
*** SUMMARY ***
Total pot $1.83 | Rake $0.08 
Board [3c 5s Jh 9s 7c]
Seat 1: JORGE_JOCELIA folded before Flop (didn't bet)
Seat 2: checabrita folded before Flop (didn't bet)
Seat 3: DaniBerg05 folded before Flop (didn't bet)
Seat 4: PokerAleman showed [Ac 9h] and won ($1.75) with a pair of Nines
Seat 5: Dorex2007 folded before Flop (didn't bet)
Seat 6: SashkoU (button) folded before Flop (didn't bet)
Seat 7: AGVsmarT (small blind) folded before Flop
Seat 8: yur4ik777 (big blind) folded before Flop
Seat 9: alpinopacino mucked [Qh Ah]



PokerStars Hand #237634065565:  Hold'em No Limit ($0.02/$0.05 USD) - 2022/07/27 23:28:03 PT [2022/07/28 2:28:03 ET]
Table 'Mette' 9-max Seat #7 is the button
Seat 1: JORGE_JOCELIA ($9.91 in chips) 
Seat 2: checabrita ($8.98 in chips) 
Seat 3: DaniBerg05 ($5 in chips) 
Seat 4: PokerAleman ($8.03 in chips) 
Seat 5: Dorex2007 ($7.29 in chips) 
Seat 6: SashkoU ($5.78 in chips) 
Seat 7: AGVsmarT ($7.29 in chips) 
Seat 8: yur4ik777 ($10.31 in chips) 
yur4ik777: posts small blind $0.02
alpinopacino: is sitting out 
JORGE_JOCELIA: posts big blind $0.05
*** HOLE CARDS ***
Dealt to Dorex2007 [2h 7s]
checabrita: folds 
alpinopacino leaves the table
DaniBerg05: folds 
PokerAleman: raises $0.10 to $0.15
Dorex2007: folds 
SashkoU: raises $0.30 to $0.45
AGVsmarT: folds 
yur4ik777: folds 
JORGE_JOCELIA: raises $1.07 to $1.52
PokerAleman: folds 
SashkoU: folds 
Uncalled bet ($1.07) returned to JORGE_JOCELIA
JORGE_JOCELIA collected $1.07 from pot
JORGE_JOCELIA: doesn't show hand 
*** SUMMARY ***
Total pot $1.07 | Rake $0 
Seat 1: JORGE_JOCELIA (big blind) collected ($1.07)
Seat 2: checabrita folded before Flop (didn't bet)
Seat 3: DaniBerg05 folded before Flop (didn't bet)
Seat 4: PokerAleman folded before Flop
Seat 5: Dorex2007 folded before Flop (didn't bet)
Seat 6: SashkoU folded before Flop
Seat 7: AGVsmarT (button) folded before Flop (didn't bet)
Seat 8: yur4ik777 (small blind) folded before Flop



PokerStars Hand #237634068354:  Hold'em No Limit ($0.02/$0.05 USD) - 2022/07/27 23:28:29 PT [2022/07/28 2:28:29 ET]
Table 'Mette' 9-max Seat #8 is the button
Seat 1: JORGE_JOCELIA ($10.53 in chips) 
Seat 2: checabrita ($8.98 in chips) 
Seat 3: DaniBerg05 ($5 in chips) 
Seat 4: PokerAleman ($7.88 in chips) 
Seat 5: Dorex2007 ($7.29 in chips) 
Seat 6: SashkoU ($5.33 in chips) 
Seat 7: AGVsmarT ($7.29 in chips) 
Seat 8: yur4ik777 ($10.29 in chips) 
JORGE_JOCELIA: posts small blind $0.02
checabrita: posts big blind $0.05
*** HOLE CARDS ***
Dealt to Dorex2007 [Kc 6c]
CasinoReal46 joins the table at seat #9 
DaniBerg05: folds 
PokerAleman: raises $0.10 to $0.15
Dorex2007: folds 
SashkoU: folds 
AGVsmarT: folds 
yur4ik777: folds 
JORGE_JOCELIA: folds 
checabrita: calls $0.10
*** FLOP *** [4c 2s Jd]
checabrita: bets $0.08
PokerAleman: raises $0.32 to $0.40
checabrita: calls $0.32
*** TURN *** [4c 2s Jd] [5h]
checabrita: checks 
PokerAleman: checks 
*** RIVER *** [4c 2s Jd 5h] [Ks]
checabrita: checks 
PokerAleman: checks 
*** SHOW DOWN ***
checabrita: shows [Jh Qh] (a pair of Jacks)
PokerAleman: mucks hand 
checabrita collected $1.07 from pot
*** SUMMARY ***
Total pot $1.12 | Rake $0.05 
Board [4c 2s Jd 5h Ks]
Seat 1: JORGE_JOCELIA (small blind) folded before Flop
Seat 2: checabrita (big blind) showed [Jh Qh] and won ($1.07) with a pair of Jacks
Seat 3: DaniBerg05 folded before Flop (didn't bet)
Seat 4: PokerAleman mucked [4d Ad]
Seat 5: Dorex2007 folded before Flop (didn't bet)
Seat 6: SashkoU folded before Flop (didn't bet)
Seat 7: AGVsmarT folded before Flop (didn't bet)
Seat 8: yur4ik777 (button) folded before Flop (didn't bet)



PokerStars Hand #237634073725:  Hold'em No Limit ($0.02/$0.05 USD) - 2022/07/27 23:29:20 PT [2022/07/28 2:29:20 ET]
Table 'Mette' 9-max Seat #1 is the button
Seat 1: JORGE_JOCELIA ($10.51 in chips) 
Seat 2: checabrita ($9.50 in chips) 
Seat 3: DaniBerg05 ($5 in chips) 
Seat 4: PokerAleman ($7.33 in chips) 
Seat 5: Dorex2007 ($7.29 in chips) 
Seat 6: SashkoU ($5.33 in chips) 
Seat 7: AGVsmarT ($7.29 in chips) 
Seat 8: yur4ik777 ($10.29 in chips) 
checabrita: posts small blind $0.02
DaniBerg05: posts big blind $0.05
CasinoReal46: sits out 
*** HOLE CARDS ***
Dealt to Dorex2007 [4h 6d]
PokerAleman: folds 
Dorex2007 has timed out
Dorex2007: folds 
SashkoU: folds 
AGVsmarT: calls $0.05
yur4ik777: raises $0.17 to $0.22
JORGE_JOCELIA: folds 
checabrita: folds 
DaniBerg05: folds 
AGVsmarT: folds 
Uncalled bet ($0.17) returned to yur4ik777
yur4ik777 collected $0.17 from pot
yur4ik777: doesn't show hand 
*** SUMMARY ***
Total pot $0.17 | Rake $0 
Seat 1: JORGE_JOCELIA (button) folded before Flop (didn't bet)
Seat 2: checabrita (small blind) folded before Flop
Seat 3: DaniBerg05 (big blind) folded before Flop
Seat 4: PokerAleman folded before Flop (didn't bet)
Seat 5: Dorex2007 folded before Flop (didn't bet)
Seat 6: SashkoU folded before Flop (didn't bet)
Seat 7: AGVsmarT folded before Flop
Seat 8: yur4ik777 collected ($0.17)



PokerStars Hand #237634077270:  Hold'em No Limit ($0.02/$0.05 USD) - 2022/07/27 23:29:53 PT [2022/07/28 2:29:53 ET]
Table 'Mette' 9-max Seat #2 is the button
Seat 1: JORGE_JOCELIA ($10.51 in chips) 
Seat 2: checabrita ($9.48 in chips) 
Seat 3: DaniBerg05 ($5 in chips) 
Seat 4: PokerAleman ($7.33 in chips) 
Seat 5: Dorex2007 ($7.29 in chips) 
Seat 6: SashkoU ($5.33 in chips) 
Seat 7: AGVsmarT ($7.24 in chips) 
Seat 8: yur4ik777 ($10.41 in chips) 
DaniBerg05: posts small blind $0.02
PokerAleman: posts big blind $0.05
CasinoReal46: sits out 
*** HOLE CARDS ***
Dealt to Dorex2007 [3d 7d]
Dorex2007: folds 
SashkoU: folds 
AGVsmarT: folds 
yur4ik777: folds 
JORGE_JOCELIA: folds 
checabrita: raises $0.08 to $0.13
DaniBerg05: folds 
PokerAleman: folds 
Uncalled bet ($0.08) returned to checabrita
checabrita collected $0.12 from pot
checabrita: doesn't show hand 
*** SUMMARY ***
Total pot $0.12 | Rake $0 
Seat 1: JORGE_JOCELIA folded before Flop (didn't bet)
Seat 2: checabrita (button) collected ($0.12)
Seat 3: DaniBerg05 (small blind) folded before Flop
Seat 4: PokerAleman (big blind) folded before Flop
Seat 5: Dorex2007 folded before Flop (didn't bet)
Seat 6: SashkoU folded before Flop (didn't bet)
Seat 7: AGVsmarT folded before Flop (didn't bet)
Seat 8: yur4ik777 folded before Flop (didn't bet)



PokerStars Hand #237634078986:  Hold'em No Limit ($0.02/$0.05 USD) - 2022/07/27 23:30:10 PT [2022/07/28 2:30:10 ET]
Table 'Mette' 9-max Seat #3 is the button
Seat 1: JORGE_JOCELIA ($10.51 in chips) 
Seat 2: checabrita ($9.55 in chips) 
Seat 3: DaniBerg05 ($5 in chips) 
Seat 4: PokerAleman ($7.28 in chips) 
Seat 5: Dorex2007 ($7.29 in chips) 
Seat 6: SashkoU ($5.33 in chips) 
Seat 7: AGVsmarT ($7.24 in chips) 
Seat 8: yur4ik777 ($10.41 in chips) 
PokerAleman: posts small blind $0.02
Dorex2007: posts big blind $0.05
CasinoReal46: sits out 
*** HOLE CARDS ***
Dealt to Dorex2007 [2c 6s]
SashkoU: folds 
AGVsmarT: folds 
yur4ik777: folds 
JORGE_JOCELIA: folds 
checabrita: folds 
DaniBerg05: raises $0.06 to $0.11
PokerAleman: folds 
Dorex2007: folds 
Uncalled bet ($0.06) returned to DaniBerg05
DaniBerg05 collected $0.12 from pot
DaniBerg05: doesn't show hand 
*** SUMMARY ***
Total pot $0.12 | Rake $0 
Seat 1: JORGE_JOCELIA folded before Flop (didn't bet)
Seat 2: checabrita folded before Flop (didn't bet)
Seat 3: DaniBerg05 (button) collected ($0.12)
Seat 4: PokerAleman (small blind) folded before Flop
Seat 5: Dorex2007 (big blind) folded before Flop
Seat 6: SashkoU folded before Flop (didn't bet)
Seat 7: AGVsmarT folded before Flop (didn't bet)
Seat 8: yur4ik777 folded before Flop (didn't bet)



PokerStars Hand #237634081184:  Hold'em No Limit ($0.02/$0.05 USD) - 2022/07/27 23:30:31 PT [2022/07/28 2:30:31 ET]
Table 'Mette' 9-max Seat #4 is the button
Seat 1: JORGE_JOCELIA ($10.51 in chips) 
Seat 2: checabrita ($9.55 in chips) 
Seat 3: DaniBerg05 ($5.07 in chips) 
Seat 4: PokerAleman ($7.26 in chips) 
Seat 5: Dorex2007 ($7.24 in chips) 
Seat 6: SashkoU ($5.33 in chips) 
Seat 7: AGVsmarT ($7.24 in chips) 
Seat 8: yur4ik777 ($10.41 in chips) 
Dorex2007: posts small blind $0.02
SashkoU: posts big blind $0.05
CasinoReal46: sits out 
*** HOLE CARDS ***
Dealt to Dorex2007 [Th Tc]
AGVsmarT: folds 
yur4ik777: folds 
JORGE_JOCELIA: folds 
checabrita: folds 
DaniBerg05: folds 
PokerAleman: raises $0.05 to $0.10
Dorex2007: raises $0.15 to $0.25
SashkoU: folds 
PokerAleman: calls $0.15
*** FLOP *** [Kh 5c 4h]
Dorex2007: bets $0.26
PokerAleman: calls $0.26
*** TURN *** [Kh 5c 4h] [Qh]
Dorex2007: bets $0.51
PokerAleman: folds 
Uncalled bet ($0.51) returned to Dorex2007
Dorex2007 collected $1.03 from pot
Dorex2007: doesn't show hand 
*** SUMMARY ***
Total pot $1.07 | Rake $0.04 
Board [Kh 5c 4h Qh]
Seat 1: JORGE_JOCELIA folded before Flop (didn't bet)
Seat 2: checabrita folded before Flop (didn't bet)
Seat 3: DaniBerg05 folded before Flop (didn't bet)
Seat 4: PokerAleman (button) folded on the Turn
Seat 5: Dorex2007 (small blind) collected ($1.03)
Seat 6: SashkoU (big blind) folded before Flop
Seat 7: AGVsmarT folded before Flop (didn't bet)
Seat 8: yur4ik777 folded before Flop (didn't bet)



PokerStars Hand #237634085987:  Hold'em No Limit ($0.02/$0.05 USD) - 2022/07/27 23:31:17 PT [2022/07/28 2:31:17 ET]
Table 'Mette' 9-max Seat #5 is the button
Seat 1: JORGE_JOCELIA ($10.51 in chips) 
Seat 2: checabrita ($9.55 in chips) 
Seat 3: DaniBerg05 ($5.07 in chips) 
Seat 4: PokerAleman ($6.75 in chips) 
Seat 5: Dorex2007 ($7.76 in chips) 
Seat 6: SashkoU ($5.28 in chips) 
Seat 7: AGVsmarT ($7.24 in chips) 
Seat 8: yur4ik777 ($10.41 in chips) 
SashkoU: posts small blind $0.02
AGVsmarT: posts big blind $0.05
CasinoReal46: sits out 
*** HOLE CARDS ***
Dealt to Dorex2007 [Ad 8h]
yur4ik777: folds 
JORGE_JOCELIA: folds 
checabrita: folds 
DaniBerg05: folds 
PokerAleman: folds 
Dorex2007: folds 
SashkoU: folds 
Uncalled bet ($0.03) returned to AGVsmarT
AGVsmarT collected $0.04 from pot
AGVsmarT: doesn't show hand 
*** SUMMARY ***
Total pot $0.04 | Rake $0 
Seat 1: JORGE_JOCELIA folded before Flop (didn't bet)
Seat 2: checabrita folded before Flop (didn't bet)
Seat 3: DaniBerg05 folded before Flop (didn't bet)
Seat 4: PokerAleman folded before Flop (didn't bet)
Seat 5: Dorex2007 (button) folded before Flop (didn't bet)
Seat 6: SashkoU (small blind) folded before Flop
Seat 7: AGVsmarT (big blind) collected ($0.04)
Seat 8: yur4ik777 folded before Flop (didn't bet)



PokerStars Hand #237634087427:  Hold'em No Limit ($0.02/$0.05 USD) - 2022/07/27 23:31:31 PT [2022/07/28 2:31:31 ET]
Table 'Mette' 9-max Seat #6 is the button
Seat 1: JORGE_JOCELIA ($10.51 in chips) 
Seat 2: checabrita ($9.55 in chips) 
Seat 3: DaniBerg05 ($5.07 in chips) 
Seat 4: PokerAleman ($6.75 in chips) 
Seat 5: Dorex2007 ($7.76 in chips) 
Seat 6: SashkoU ($5.26 in chips) 
Seat 7: AGVsmarT ($7.26 in chips) 
Seat 8: yur4ik777 ($10.41 in chips) 
AGVsmarT: posts small blind $0.02
yur4ik777: posts big blind $0.05
CasinoReal46: sits out 
*** HOLE CARDS ***
Dealt to Dorex2007 [As 6h]
JORGE_JOCELIA: folds 
checabrita: folds 
DaniBerg05: folds 
PokerAleman: raises $0.10 to $0.15
Dorex2007: folds 
SashkoU: folds 
AGVsmarT: folds 
yur4ik777: folds 
Uncalled bet ($0.10) returned to PokerAleman
PokerAleman collected $0.12 from pot
PokerAleman: doesn't show hand 
*** SUMMARY ***
Total pot $0.12 | Rake $0 
Seat 1: JORGE_JOCELIA folded before Flop (didn't bet)
Seat 2: checabrita folded before Flop (didn't bet)
Seat 3: DaniBerg05 folded before Flop (didn't bet)
Seat 4: PokerAleman collected ($0.12)
Seat 5: Dorex2007 folded before Flop (didn't bet)
Seat 6: SashkoU (button) folded before Flop (didn't bet)
Seat 7: AGVsmarT (small blind) folded before Flop
Seat 8: yur4ik777 (big blind) folded before Flop



PokerStars Hand #237634089572:  Hold'em No Limit ($0.02/$0.05 USD) - 2022/07/27 23:31:51 PT [2022/07/28 2:31:51 ET]
Table 'Mette' 9-max Seat #7 is the button
Seat 1: JORGE_JOCELIA ($10.51 in chips) 
Seat 2: checabrita ($9.55 in chips) 
Seat 3: DaniBerg05 ($5.07 in chips) 
Seat 4: PokerAleman ($6.82 in chips) 
Seat 5: Dorex2007 ($7.76 in chips) 
Seat 6: SashkoU ($5.26 in chips) 
Seat 7: AGVsmarT ($7.24 in chips) 
Seat 8: yur4ik777 ($10.36 in chips) 
Seat 9: CasinoReal46 ($3.05 in chips) 
yur4ik777: posts small blind $0.02
CasinoReal46: posts big blind $0.05
*** HOLE CARDS ***
Dealt to Dorex2007 [Js 5d]
JORGE_JOCELIA: folds 
checabrita: folds 
DaniBerg05: folds 
PokerAleman: raises $0.10 to $0.15
Dorex2007: folds 
SashkoU: folds 
AGVsmarT: folds 
yur4ik777: folds 
CasinoReal46: calls $0.10
*** FLOP *** [6c 9d 9s]
CasinoReal46: checks 
PokerAleman: bets $0.20
CasinoReal46: calls $0.20
*** TURN *** [6c 9d 9s] [Ts]
CasinoReal46: checks 
PokerAleman: checks 
*** RIVER *** [6c 9d 9s Ts] [9c]
CasinoReal46: bets $0.69
PokerAleman: calls $0.69
*** SHOW DOWN ***
CasinoReal46: shows [Td Tc] (a full house, Tens full of Nines)
PokerAleman: mucks hand 
CasinoReal46 collected $2.01 from pot
*** SUMMARY ***
Total pot $2.10 | Rake $0.09 
Board [6c 9d 9s Ts 9c]
Seat 1: JORGE_JOCELIA folded before Flop (didn't bet)
Seat 2: checabrita folded before Flop (didn't bet)
Seat 3: DaniBerg05 folded before Flop (didn't bet)
Seat 4: PokerAleman mucked [3d 6d]
Seat 5: Dorex2007 folded before Flop (didn't bet)
Seat 6: SashkoU folded before Flop (didn't bet)
Seat 7: AGVsmarT (button) folded before Flop (didn't bet)
Seat 8: yur4ik777 (small blind) folded before Flop
Seat 9: CasinoReal46 (big blind) showed [Td Tc] and won ($2.01) with a full house, Tens full of Nines



PokerStars Hand #237634093961:  Hold'em No Limit ($0.02/$0.05 USD) - 2022/07/27 23:32:33 PT [2022/07/28 2:32:33 ET]
Table 'Mette' 9-max Seat #8 is the button
Seat 1: JORGE_JOCELIA ($10.51 in chips) 
Seat 2: checabrita ($9.55 in chips) 
Seat 3: DaniBerg05 ($5.07 in chips) 
Seat 4: PokerAleman ($5.78 in chips) 
Seat 5: Dorex2007 ($7.76 in chips) 
Seat 6: SashkoU ($5.26 in chips) 
Seat 7: AGVsmarT ($7.24 in chips) 
Seat 8: yur4ik777 ($10.34 in chips) 
Seat 9: CasinoReal46 ($4.02 in chips) 
CasinoReal46: posts small blind $0.02
JORGE_JOCELIA: posts big blind $0.05
*** HOLE CARDS ***
Dealt to Dorex2007 [4d Kh]
checabrita: folds 
checabrita leaves the table
DaniBerg05: folds 
PokerAleman: folds 
Dorex2007: folds 
SashkoU: folds 
AGVsmarT: folds 
yur4ik777: folds 
CasinoReal46: calls $0.03
JORGE_JOCELIA: checks 
*** FLOP *** [3s Ts 5s]
CasinoReal46: checks 
JORGE_JOCELIA: checks 
*** TURN *** [3s Ts 5s] [As]
CasinoReal46: checks 
JORGE_JOCELIA: checks 
*** RIVER *** [3s Ts 5s As] [2c]
CasinoReal46: checks 
JORGE_JOCELIA: checks 
*** SHOW DOWN ***
CasinoReal46: shows [Ah Jc] (a pair of Aces)
JORGE_JOCELIA: shows [2d 5c] (two pair, Fives and Deuces)
JORGE_JOCELIA collected $0.10 from pot
*** SUMMARY ***
Total pot $0.10 | Rake $0 
Board [3s Ts 5s As 2c]
Seat 1: JORGE_JOCELIA (big blind) showed [2d 5c] and won ($0.10) with two pair, Fives and Deuces
Seat 2: checabrita folded before Flop (didn't bet)
Seat 3: DaniBerg05 folded before Flop (didn't bet)
Seat 4: PokerAleman folded before Flop (didn't bet)
Seat 5: Dorex2007 folded before Flop (didn't bet)
Seat 6: SashkoU folded before Flop (didn't bet)
Seat 7: AGVsmarT folded before Flop (didn't bet)
Seat 8: yur4ik777 (button) folded before Flop (didn't bet)
Seat 9: CasinoReal46 (small blind) showed [Ah Jc] and lost with a pair of Aces



PokerStars Hand #237634097866:  Hold'em No Limit ($0.02/$0.05 USD) - 2022/07/27 23:33:10 PT [2022/07/28 2:33:10 ET]
Table 'Mette' 9-max Seat #9 is the button
Seat 1: JORGE_JOCELIA ($10.56 in chips) 
Seat 3: DaniBerg05 ($5.07 in chips) 
Seat 4: PokerAleman ($5.78 in chips) 
Seat 5: Dorex2007 ($7.76 in chips) 
Seat 6: SashkoU ($5.26 in chips) 
Seat 7: AGVsmarT ($7.24 in chips) 
Seat 8: yur4ik777 ($10.34 in chips) 
Seat 9: CasinoReal46 ($3.97 in chips) 
JORGE_JOCELIA: posts small blind $0.02
DaniBerg05: posts big blind $0.05
*** HOLE CARDS ***
Dealt to Dorex2007 [5c Qc]
PokerAleman: folds 
Dorex2007: folds 
SashkoU: raises $0.07 to $0.12
AGVsmarT: folds 
yur4ik777: calls $0.12
CasinoReal46: folds 
JORGE_JOCELIA: folds 
DaniBerg05: folds 
*** FLOP *** [6s 3d 9s]
SashkoU: checks 
yur4ik777: bets $0.24
SashkoU: folds 
Uncalled bet ($0.24) returned to yur4ik777
yur4ik777 collected $0.30 from pot
yur4ik777: doesn't show hand 
*** SUMMARY ***
Total pot $0.31 | Rake $0.01 
Board [6s 3d 9s]
Seat 1: JORGE_JOCELIA (small blind) folded before Flop
Seat 3: DaniBerg05 (big blind) folded before Flop
Seat 4: PokerAleman folded before Flop (didn't bet)
Seat 5: Dorex2007 folded before Flop (didn't bet)
Seat 6: SashkoU folded on the Flop
Seat 7: AGVsmarT folded before Flop (didn't bet)
Seat 8: yur4ik777 collected ($0.30)
Seat 9: CasinoReal46 (button) folded before Flop (didn't bet)



PokerStars Hand #237634101293:  Hold'em No Limit ($0.02/$0.05 USD) - 2022/07/27 23:33:42 PT [2022/07/28 2:33:42 ET]
Table 'Mette' 9-max Seat #1 is the button
Seat 1: JORGE_JOCELIA ($10.54 in chips) 
Seat 3: DaniBerg05 ($5.02 in chips) 
Seat 4: PokerAleman ($5.78 in chips) 
Seat 5: Dorex2007 ($7.76 in chips) 
Seat 6: SashkoU ($5.14 in chips) 
Seat 7: AGVsmarT ($7.24 in chips) 
Seat 8: yur4ik777 ($10.52 in chips) 
Seat 9: CasinoReal46 ($3.97 in chips) 
DaniBerg05: posts small blind $0.02
PokerAleman: posts big blind $0.05
*** HOLE CARDS ***
Dealt to Dorex2007 [2d 8d]
Dorex2007: folds 
SashkoU: folds 
AGVsmarT has timed out
AGVsmarT: folds 
yur4ik777: folds 
CasinoReal46: folds 
JORGE_JOCELIA: folds 
DaniBerg05: raises $0.10 to $0.15
PokerAleman: folds 
Uncalled bet ($0.10) returned to DaniBerg05
DaniBerg05 collected $0.10 from pot
DaniBerg05: doesn't show hand 
*** SUMMARY ***
Total pot $0.10 | Rake $0 
Seat 1: JORGE_JOCELIA (button) folded before Flop (didn't bet)
Seat 3: DaniBerg05 (small blind) collected ($0.10)
Seat 4: PokerAleman (big blind) folded before Flop
Seat 5: Dorex2007 folded before Flop (didn't bet)
Seat 6: SashkoU folded before Flop (didn't bet)
Seat 7: AGVsmarT folded before Flop (didn't bet)
Seat 8: yur4ik777 folded before Flop (didn't bet)
Seat 9: CasinoReal46 folded before Flop (didn't bet)



PokerStars Hand #237634104397:  Hold'em No Limit ($0.02/$0.05 USD) - 2022/07/27 23:34:12 PT [2022/07/28 2:34:12 ET]
Table 'Mette' 9-max Seat #3 is the button
Seat 1: JORGE_JOCELIA ($10.54 in chips) 
Seat 3: DaniBerg05 ($5.07 in chips) 
Seat 4: PokerAleman ($5.73 in chips) 
Seat 5: Dorex2007 ($7.76 in chips) 
Seat 6: SashkoU ($5.14 in chips) 
Seat 8: yur4ik777 ($10.52 in chips) 
Seat 9: CasinoReal46 ($3.97 in chips) 
PokerAleman: posts small blind $0.02
Dorex2007: posts big blind $0.05
*** HOLE CARDS ***
Dealt to Dorex2007 [Kd 7s]
SashkoU: folds 
yur4ik777: folds 
CasinoReal46: folds 
JORGE_JOCELIA: folds 
DaniBerg05: folds 
PokerAleman: raises $0.10 to $0.15
Dorex2007: folds 
Uncalled bet ($0.10) returned to PokerAleman
PokerAleman collected $0.10 from pot
PokerAleman: doesn't show hand 
*** SUMMARY ***
Total pot $0.10 | Rake $0 
Seat 1: JORGE_JOCELIA folded before Flop (didn't bet)
Seat 3: DaniBerg05 (button) folded before Flop (didn't bet)
Seat 4: PokerAleman (small blind) collected ($0.10)
Seat 5: Dorex2007 (big blind) folded before Flop
Seat 6: SashkoU folded before Flop (didn't bet)
Seat 8: yur4ik777 folded before Flop (didn't bet)
Seat 9: CasinoReal46 folded before Flop (didn't bet)



PokerStars Hand #237634107299:  Hold'em No Limit ($0.02/$0.05 USD) - 2022/07/27 23:34:40 PT [2022/07/28 2:34:40 ET]
Table 'Mette' 9-max Seat #4 is the button
Seat 1: JORGE_JOCELIA ($10.54 in chips) 
Seat 3: DaniBerg05 ($5.07 in chips) 
Seat 4: PokerAleman ($5.78 in chips) 
Seat 5: Dorex2007 ($7.71 in chips) 
Seat 6: SashkoU ($5.14 in chips) 
Seat 8: yur4ik777 ($10.52 in chips) 
Seat 9: CasinoReal46 ($3.97 in chips) 
Dorex2007: posts small blind $0.02
SashkoU: posts big blind $0.05
*** HOLE CARDS ***
Dealt to Dorex2007 [6c 9h]
yur4ik777: folds 
CasinoReal46: folds 
JORGE_JOCELIA: raises $0.10 to $0.15
DaniBerg05: folds 
PokerAleman: calls $0.15
Dorex2007: folds 
SashkoU: calls $0.10
*** FLOP *** [6s 8c 2s]
SashkoU: checks 
JORGE_JOCELIA: checks 
PokerAleman: bets $0.35
SashkoU: folds 
JORGE_JOCELIA: calls $0.35
*** TURN *** [6s 8c 2s] [3s]
JORGE_JOCELIA: checks 
PokerAleman: checks 
*** RIVER *** [6s 8c 2s 3s] [2h]
tunimex777 joins the table at seat #2 
JORGE_JOCELIA: bets $0.56
PokerAleman: folds 
Uncalled bet ($0.56) returned to JORGE_JOCELIA
JORGE_JOCELIA collected $1.12 from pot
JORGE_JOCELIA: doesn't show hand 
*** SUMMARY ***
Total pot $1.17 | Rake $0.05 
Board [6s 8c 2s 3s 2h]
Seat 1: JORGE_JOCELIA collected ($1.12)
Seat 3: DaniBerg05 folded before Flop (didn't bet)
Seat 4: PokerAleman (button) folded on the River
Seat 5: Dorex2007 (small blind) folded before Flop
Seat 6: SashkoU (big blind) folded on the Flop
Seat 8: yur4ik777 folded before Flop (didn't bet)
Seat 9: CasinoReal46 folded before Flop (didn't bet)



PokerStars Hand #237634113217:  Hold'em No Limit ($0.02/$0.05 USD) - 2022/07/27 23:35:36 PT [2022/07/28 2:35:36 ET]
Table 'Mette' 9-max Seat #5 is the button
Seat 1: JORGE_JOCELIA ($11.16 in chips) 
Seat 3: DaniBerg05 ($5.07 in chips) 
Seat 4: PokerAleman ($5.28 in chips) 
Seat 5: Dorex2007 ($7.69 in chips) 
Seat 6: SashkoU ($5 in chips) 
Seat 8: yur4ik777 ($10.52 in chips) 
Seat 9: CasinoReal46 ($3.97 in chips) 
SashkoU: posts small blind $0.02
yur4ik777: posts big blind $0.05
tunimex777: sits out 
*** HOLE CARDS ***
Dealt to Dorex2007 [Kh 3d]
CasinoReal46: folds 
JORGE_JOCELIA: folds 
DaniBerg05: folds 
PokerAleman: folds 
Dorex2007: folds 
SashkoU: folds 
Uncalled bet ($0.03) returned to yur4ik777
yur4ik777 collected $0.04 from pot
yur4ik777: doesn't show hand 
*** SUMMARY ***
Total pot $0.04 | Rake $0 
Seat 1: JORGE_JOCELIA folded before Flop (didn't bet)
Seat 3: DaniBerg05 folded before Flop (didn't bet)
Seat 4: PokerAleman folded before Flop (didn't bet)
Seat 5: Dorex2007 (button) folded before Flop (didn't bet)
Seat 6: SashkoU (small blind) folded before Flop
Seat 8: yur4ik777 (big blind) collected ($0.04)
Seat 9: CasinoReal46 folded before Flop (didn't bet)



PokerStars Hand #237634114195:  Hold'em No Limit ($0.02/$0.05 USD) - 2022/07/27 23:35:45 PT [2022/07/28 2:35:45 ET]
Table 'Mette' 9-max Seat #6 is the button
Seat 1: JORGE_JOCELIA ($11.16 in chips) 
Seat 3: DaniBerg05 ($5.07 in chips) 
Seat 4: PokerAleman ($5.28 in chips) 
Seat 5: Dorex2007 ($7.69 in chips) 
Seat 6: SashkoU ($5 in chips) 
Seat 8: yur4ik777 ($10.54 in chips) 
Seat 9: CasinoReal46 ($3.97 in chips) 
yur4ik777: posts small blind $0.02
CasinoReal46: posts big blind $0.05
tunimex777: sits out 
*** HOLE CARDS ***
Dealt to Dorex2007 [4c 7s]
JORGE_JOCELIA: folds 
DaniBerg05: folds 
PokerAleman: folds 
Dorex2007: folds 
SashkoU: folds 
yur4ik777: folds 
Uncalled bet ($0.03) returned to CasinoReal46
CasinoReal46 collected $0.04 from pot
CasinoReal46: doesn't show hand 
*** SUMMARY ***
Total pot $0.04 | Rake $0 
Seat 1: JORGE_JOCELIA folded before Flop (didn't bet)
Seat 3: DaniBerg05 folded before Flop (didn't bet)
Seat 4: PokerAleman folded before Flop (didn't bet)
Seat 5: Dorex2007 folded before Flop (didn't bet)
Seat 6: SashkoU (button) folded before Flop (didn't bet)
Seat 8: yur4ik777 (small blind) folded before Flop
Seat 9: CasinoReal46 (big blind) collected ($0.04)



PokerStars Hand #237634116253:  Hold'em No Limit ($0.02/$0.05 USD) - 2022/07/27 23:36:04 PT [2022/07/28 2:36:04 ET]
Table 'Mette' 9-max Seat #8 is the button
Seat 1: JORGE_JOCELIA ($11.16 in chips) 
Seat 3: DaniBerg05 ($5.07 in chips) 
Seat 4: PokerAleman ($5.28 in chips) 
Seat 5: Dorex2007 ($7.69 in chips) 
Seat 6: SashkoU ($5 in chips) 
Seat 8: yur4ik777 ($10.52 in chips) 
Seat 9: CasinoReal46 ($3.99 in chips) 
CasinoReal46: posts small blind $0.02
JORGE_JOCELIA: posts big blind $0.05
tunimex777: sits out 
*** HOLE CARDS ***
Dealt to Dorex2007 [Ts Kd]
DaniBerg05: folds 
PokerAleman: folds 
Dorex2007: folds 
SashkoU: folds 
yur4ik777: folds 
CasinoReal46: folds 
Uncalled bet ($0.03) returned to JORGE_JOCELIA
JORGE_JOCELIA collected $0.04 from pot
JORGE_JOCELIA: doesn't show hand 
*** SUMMARY ***
Total pot $0.04 | Rake $0 
Seat 1: JORGE_JOCELIA (big blind) collected ($0.04)
Seat 3: DaniBerg05 folded before Flop (didn't bet)
Seat 4: PokerAleman folded before Flop (didn't bet)
Seat 5: Dorex2007 folded before Flop (didn't bet)
Seat 6: SashkoU folded before Flop (didn't bet)
Seat 8: yur4ik777 (button) folded before Flop (didn't bet)
Seat 9: CasinoReal46 (small blind) folded before Flop



PokerStars Hand #237634117321:  Hold'em No Limit ($0.02/$0.05 USD) - 2022/07/27 23:36:14 PT [2022/07/28 2:36:14 ET]
Table 'Mette' 9-max Seat #9 is the button
Seat 1: JORGE_JOCELIA ($11.18 in chips) 
Seat 2: tunimex777 ($5 in chips) 
Seat 3: DaniBerg05 ($5.07 in chips) 
Seat 4: PokerAleman ($5.28 in chips) 
Seat 5: Dorex2007 ($7.69 in chips) 
Seat 6: SashkoU ($5 in chips) 
Seat 8: yur4ik777 ($10.52 in chips) 
Seat 9: CasinoReal46 ($3.97 in chips) 
JORGE_JOCELIA: posts small blind $0.02
tunimex777: posts big blind $0.05
*** HOLE CARDS ***
Dealt to Dorex2007 [9s Qd]
DaniBerg05: folds 
PokerAleman: raises $0.10 to $0.15
Dorex2007: folds 
SashkoU: folds 
yur4ik777: folds 
CasinoReal46: folds 
JORGE_JOCELIA: folds 
tunimex777: folds 
Uncalled bet ($0.10) returned to PokerAleman
PokerAleman collected $0.12 from pot
PokerAleman: doesn't show hand 
*** SUMMARY ***
Total pot $0.12 | Rake $0 
Seat 1: JORGE_JOCELIA (small blind) folded before Flop
Seat 2: tunimex777 (big blind) folded before Flop
Seat 3: DaniBerg05 folded before Flop (didn't bet)
Seat 4: PokerAleman collected ($0.12)
Seat 5: Dorex2007 folded before Flop (didn't bet)
Seat 6: SashkoU folded before Flop (didn't bet)
Seat 8: yur4ik777 folded before Flop (didn't bet)
Seat 9: CasinoReal46 (button) folded before Flop (didn't bet)



PokerStars Hand #237634119816:  Hold'em No Limit ($0.02/$0.05 USD) - 2022/07/27 23:36:37 PT [2022/07/28 2:36:37 ET]
Table 'Mette' 9-max Seat #1 is the button
Seat 1: JORGE_JOCELIA ($11.16 in chips) 
Seat 2: tunimex777 ($4.95 in chips) 
Seat 3: DaniBerg05 ($5.07 in chips) 
Seat 4: PokerAleman ($5.35 in chips) 
Seat 5: Dorex2007 ($7.69 in chips) 
Seat 6: SashkoU ($5 in chips) 
Seat 8: yur4ik777 ($10.52 in chips) 
Seat 9: CasinoReal46 ($3.97 in chips) 
tunimex777: posts small blind $0.02
DaniBerg05: posts big blind $0.05
AGVsmarT: sits out 
*** HOLE CARDS ***
Dealt to Dorex2007 [As 3c]
PokerAleman: folds 
Dorex2007: folds 
SashkoU: folds 
yur4ik777: folds 
CasinoReal46: folds 
JORGE_JOCELIA: folds 
tunimex777: calls $0.03
DaniBerg05: checks 
*** FLOP *** [Ks 6d Qd]
tunimex777: checks 
DaniBerg05: checks 
*** TURN *** [Ks 6d Qd] [2s]
tunimex777: bets $0.10
DaniBerg05: folds 
Uncalled bet ($0.10) returned to tunimex777
tunimex777 collected $0.10 from pot
tunimex777: doesn't show hand 
*** SUMMARY ***
Total pot $0.10 | Rake $0 
Board [Ks 6d Qd 2s]
Seat 1: JORGE_JOCELIA (button) folded before Flop (didn't bet)
Seat 2: tunimex777 (small blind) collected ($0.10)
Seat 3: DaniBerg05 (big blind) folded on the Turn
Seat 4: PokerAleman folded before Flop (didn't bet)
Seat 5: Dorex2007 folded before Flop (didn't bet)
Seat 6: SashkoU folded before Flop (didn't bet)
Seat 8: yur4ik777 folded before Flop (didn't bet)
Seat 9: CasinoReal46 folded before Flop (didn't bet)



PokerStars Hand #237634123687:  Hold'em No Limit ($0.02/$0.05 USD) - 2022/07/27 23:37:14 PT [2022/07/28 2:37:14 ET]
Table 'Mette' 9-max Seat #2 is the button
Seat 1: JORGE_JOCELIA ($11.16 in chips) 
Seat 2: tunimex777 ($5 in chips) 
Seat 3: DaniBerg05 ($5.02 in chips) 
Seat 4: PokerAleman ($5.35 in chips) 
Seat 5: Dorex2007 ($7.69 in chips) 
Seat 6: SashkoU ($5 in chips) 
Seat 8: yur4ik777 ($10.52 in chips) 
Seat 9: CasinoReal46 ($3.97 in chips) 
DaniBerg05: posts small blind $0.02
PokerAleman: posts big blind $0.05
AGVsmarT: sits out 
*** HOLE CARDS ***
Dealt to Dorex2007 [4s Qd]
Dorex2007: folds 
SashkoU: folds 
yur4ik777: folds 
CasinoReal46: folds 
JORGE_JOCELIA: folds 
tunimex777: raises $0.10 to $0.15
DaniBerg05: folds 
PokerAleman: folds 
Uncalled bet ($0.10) returned to tunimex777
tunimex777 collected $0.12 from pot
tunimex777: doesn't show hand 
*** SUMMARY ***
Total pot $0.12 | Rake $0 
Seat 1: JORGE_JOCELIA folded before Flop (didn't bet)
Seat 2: tunimex777 (button) collected ($0.12)
Seat 3: DaniBerg05 (small blind) folded before Flop
Seat 4: PokerAleman (big blind) folded before Flop
Seat 5: Dorex2007 folded before Flop (didn't bet)
Seat 6: SashkoU folded before Flop (didn't bet)
Seat 8: yur4ik777 folded before Flop (didn't bet)
Seat 9: CasinoReal46 folded before Flop (didn't bet)



