PokerStars Hand #238503810708:  Hold'em No Limit ($0.02/$0.05 USD) - 2022/09/08 14:41:46 PT [2022/09/08 17:41:46 ET]
Table 'Aurelia II' 9-max Seat #5 is the button
Seat 2: DenOneM$ ($8.32 in chips) 
Seat 3: 519Grinder24/7 ($4.73 in chips) 
Seat 5: APoneTony ($4.57 in chips) 
Seat 6: MAPR1991 ($1.82 in chips) 
Seat 7: Dorex2007 ($5 in chips) 
Seat 8: Matheus_Adv ($5 in chips) 
Seat 9: boarddiver ($5.26 in chips) 
MAPR1991: posts small blind $0.02
Dorex2007: posts big blind $0.05
Apostol108: sits out 
*** HOLE CARDS ***
Dealt to Dorex2007 [5h 9s]
Matheus_Adv has timed out
Matheus_Adv: folds 
boarddiver: calls $0.05
DenOneM$: folds 
519Grinder24/7: folds 
APoneTony: folds 
MAPR1991: calls $0.03
Dorex2007: checks 
*** FLOP *** [4h 4c 2s]
MAPR1991: checks 
Dorex2007: checks 
boarddiver: checks 
*** TURN *** [4h 4c 2s] [Th]
MAPR1991: checks 
Dorex2007: checks 
boarddiver: checks 
*** RIVER *** [4h 4c 2s Th] [Ts]
MAPR1991: bets $0.05
Dorex2007: folds 
boarddiver: folds 
Uncalled bet ($0.05) returned to MAPR1991
MAPR1991 collected $0.14 from pot
MAPR1991: doesn't show hand 
*** SUMMARY ***
Total pot $0.15 | Rake $0.01 
Board [4h 4c 2s Th Ts]
Seat 2: DenOneM$ folded before Flop (didn't bet)
Seat 3: 519Grinder24/7 folded before Flop (didn't bet)
Seat 5: APoneTony (button) folded before Flop (didn't bet)
Seat 6: MAPR1991 (small blind) collected ($0.14)
Seat 7: Dorex2007 (big blind) folded on the River
Seat 8: Matheus_Adv folded before Flop (didn't bet)
Seat 9: boarddiver folded on the River



PokerStars Hand #238503842401:  Hold'em No Limit ($0.02/$0.05 USD) - 2022/09/08 14:43:09 PT [2022/09/08 17:43:09 ET]
Table 'Aurelia II' 9-max Seat #6 is the button
Seat 2: DenOneM$ ($8.32 in chips) 
Seat 3: 519Grinder24/7 ($4.73 in chips) 
Seat 5: APoneTony ($4.57 in chips) 
Seat 6: MAPR1991 ($1.91 in chips) 
Seat 7: Dorex2007 ($5 in chips) 
Seat 8: Matheus_Adv ($5 in chips) 
Seat 9: boarddiver ($5.21 in chips) 
Dorex2007: posts small blind $0.02
Matheus_Adv: posts big blind $0.05
Apostol108: sits out 
*** HOLE CARDS ***
Dealt to Dorex2007 [Ad 8d]
boarddiver: folds 
DenOneM$: folds 
519Grinder24/7: folds 
APoneTony: folds 
MAPR1991: calls $0.05
Dorex2007: calls $0.03
Matheus_Adv: checks 
*** FLOP *** [3s 2c 9h]
Dorex2007: checks 
Matheus_Adv: checks 
MAPR1991: checks 
*** TURN *** [3s 2c 9h] [Ac]
Dorex2007: checks 
Matheus_Adv: checks 
MAPR1991: checks 
*** RIVER *** [3s 2c 9h Ac] [Qc]
Dorex2007: bets $0.09
Matheus_Adv: folds 
MAPR1991: folds 
Uncalled bet ($0.09) returned to Dorex2007
Dorex2007 collected $0.14 from pot
Dorex2007: doesn't show hand 
*** SUMMARY ***
Total pot $0.15 | Rake $0.01 
Board [3s 2c 9h Ac Qc]
Seat 2: DenOneM$ folded before Flop (didn't bet)
Seat 3: 519Grinder24/7 folded before Flop (didn't bet)
Seat 5: APoneTony folded before Flop (didn't bet)
Seat 6: MAPR1991 (button) folded on the River
Seat 7: Dorex2007 (small blind) collected ($0.14)
Seat 8: Matheus_Adv (big blind) folded on the River
Seat 9: boarddiver folded before Flop (didn't bet)



PokerStars Hand #238503868338:  Hold'em No Limit ($0.02/$0.05 USD) - 2022/09/08 14:44:18 PT [2022/09/08 17:44:18 ET]
Table 'Aurelia II' 9-max Seat #7 is the button
Seat 2: DenOneM$ ($8.32 in chips) 
Seat 3: 519Grinder24/7 ($4.73 in chips) 
Seat 5: APoneTony ($4.57 in chips) 
Seat 6: MAPR1991 ($1.86 in chips) 
Seat 7: Dorex2007 ($5.09 in chips) 
Seat 8: Matheus_Adv ($4.95 in chips) 
Seat 9: boarddiver ($5.21 in chips) 
Matheus_Adv: posts small blind $0.02
boarddiver: posts big blind $0.05
Apostol108: sits out 
*** HOLE CARDS ***
Dealt to Dorex2007 [5d 2s]
DenOneM$: folds 
DenOneM$ leaves the table
519Grinder24/7: raises $0.10 to $0.15
APoneTony: folds 
MAPR1991: folds 
thumbsoff joins the table at seat #2 
Dorex2007: folds 
Matheus_Adv: folds 
boarddiver: calls $0.10
*** FLOP *** [Ah 7d Jh]
boarddiver: checks 
519Grinder24/7: bets $0.15
boarddiver: raises $0.15 to $0.30
519Grinder24/7: calls $0.15
*** TURN *** [Ah 7d Jh] [Qh]
boarddiver: checks 
519Grinder24/7: checks 
*** RIVER *** [Ah 7d Jh Qh] [3d]
boarddiver: checks 
519Grinder24/7: bets $0.50
boarddiver: calls $0.50
*** SHOW DOWN ***
519Grinder24/7: shows [3s 3h] (three of a kind, Threes)
boarddiver: mucks hand 
519Grinder24/7 collected $1.84 from pot
*** SUMMARY ***
Total pot $1.92 | Rake $0.08 
Board [Ah 7d Jh Qh 3d]
Seat 2: DenOneM$ folded before Flop (didn't bet)
Seat 3: 519Grinder24/7 showed [3s 3h] and won ($1.84) with three of a kind, Threes
Seat 5: APoneTony folded before Flop (didn't bet)
Seat 6: MAPR1991 folded before Flop (didn't bet)
Seat 7: Dorex2007 (button) folded before Flop (didn't bet)
Seat 8: Matheus_Adv (small blind) folded before Flop
Seat 9: boarddiver (big blind) mucked [7c Jc]



PokerStars Hand #238503908374:  Hold'em No Limit ($0.02/$0.05 USD) - 2022/09/08 14:46:05 PT [2022/09/08 17:46:05 ET]
Table 'Aurelia II' 9-max Seat #8 is the button
Seat 2: thumbsoff ($5 in chips) 
Seat 3: 519Grinder24/7 ($5.62 in chips) 
Seat 5: APoneTony ($4.57 in chips) 
Seat 6: MAPR1991 ($1.86 in chips) 
Seat 7: Dorex2007 ($5.09 in chips) 
Seat 8: Matheus_Adv ($4.93 in chips) 
Seat 9: boarddiver ($4.26 in chips) 
boarddiver: posts small blind $0.02
thumbsoff: posts big blind $0.05
Apostol108: sits out 
*** HOLE CARDS ***
Dealt to Dorex2007 [4d Ac]
519Grinder24/7: folds 
APoneTony: folds 
MAPR1991: calls $0.05
Dorex2007: folds 
Matheus_Adv: folds 
boarddiver: calls $0.03
thumbsoff: checks 
*** FLOP *** [Th 5h 9d]
boarddiver: checks 
thumbsoff: checks 
MAPR1991: checks 
*** TURN *** [Th 5h 9d] [Qd]
boarddiver: bets $0.14
thumbsoff: folds 
MAPR1991: folds 
Uncalled bet ($0.14) returned to boarddiver
boarddiver collected $0.14 from pot
boarddiver: doesn't show hand 
*** SUMMARY ***
Total pot $0.15 | Rake $0.01 
Board [Th 5h 9d Qd]
Seat 2: thumbsoff (big blind) folded on the Turn
Seat 3: 519Grinder24/7 folded before Flop (didn't bet)
Seat 5: APoneTony folded before Flop (didn't bet)
Seat 6: MAPR1991 folded on the Turn
Seat 7: Dorex2007 folded before Flop (didn't bet)
Seat 8: Matheus_Adv (button) folded before Flop (didn't bet)
Seat 9: boarddiver (small blind) collected ($0.14)



PokerStars Hand #238503927175:  Hold'em No Limit ($0.02/$0.05 USD) - 2022/09/08 14:46:55 PT [2022/09/08 17:46:55 ET]
Table 'Aurelia II' 9-max Seat #9 is the button
Seat 2: thumbsoff ($5 in chips) 
Seat 3: 519Grinder24/7 ($5.62 in chips) 
Seat 5: APoneTony ($4.57 in chips) 
Seat 6: MAPR1991 ($1.81 in chips) 
Seat 7: Dorex2007 ($5.09 in chips) 
Seat 8: Matheus_Adv ($4.93 in chips) 
Seat 9: boarddiver ($4.35 in chips) 
thumbsoff: posts small blind $0.02
519Grinder24/7: posts big blind $0.05
Apostol108: sits out 
*** HOLE CARDS ***
Dealt to Dorex2007 [6d Ts]
APoneTony: folds 
MAPR1991: calls $0.05
Dorex2007: folds 
Matheus_Adv: folds 
boarddiver: folds 
thumbsoff: folds 
519Grinder24/7: checks 
*** FLOP *** [Kc 3c Qc]
519Grinder24/7: checks 
MAPR1991: bets $0.05
519Grinder24/7: calls $0.05
*** TURN *** [Kc 3c Qc] [9s]
519Grinder24/7: checks 
MAPR1991: bets $0.05
519Grinder24/7: calls $0.05
*** RIVER *** [Kc 3c Qc 9s] [7d]
519Grinder24/7: checks 
MAPR1991: bets $1
519Grinder24/7: folds 
Uncalled bet ($1) returned to MAPR1991
MAPR1991 collected $0.31 from pot
MAPR1991: doesn't show hand 
*** SUMMARY ***
Total pot $0.32 | Rake $0.01 
Board [Kc 3c Qc 9s 7d]
Seat 2: thumbsoff (small blind) folded before Flop
Seat 3: 519Grinder24/7 (big blind) folded on the River
Seat 5: APoneTony folded before Flop (didn't bet)
Seat 6: MAPR1991 collected ($0.31)
Seat 7: Dorex2007 folded before Flop (didn't bet)
Seat 8: Matheus_Adv folded before Flop (didn't bet)
Seat 9: boarddiver (button) folded before Flop (didn't bet)



PokerStars Hand #238503952752:  Hold'em No Limit ($0.02/$0.05 USD) - 2022/09/08 14:48:03 PT [2022/09/08 17:48:03 ET]
Table 'Aurelia II' 9-max Seat #2 is the button
Seat 2: thumbsoff ($5 in chips) 
Seat 3: 519Grinder24/7 ($5.47 in chips) 
Seat 4: Apostol108 ($6.30 in chips) 
Seat 5: APoneTony ($4.57 in chips) 
Seat 6: MAPR1991 ($1.97 in chips) 
Seat 7: Dorex2007 ($5.09 in chips) 
Seat 8: Matheus_Adv ($4.93 in chips) 
Seat 9: boarddiver ($4.35 in chips) 
519Grinder24/7: posts small blind $0.02
Apostol108: posts big blind $0.05
*** HOLE CARDS ***
Dealt to Dorex2007 [9d Kd]
APoneTony: folds 
MAPR1991: calls $0.05
Dorex2007: folds 
Matheus_Adv: raises $0.10 to $0.15
boarddiver: folds 
thumbsoff: folds 
519Grinder24/7: folds 
Apostol108: folds 
MAPR1991: calls $0.10
*** FLOP *** [2d Kc Ts]
MAPR1991: bets $0.05
Matheus_Adv: calls $0.05
*** TURN *** [2d Kc Ts] [Qc]
MAPR1991: bets $0.05
Matheus_Adv: calls $0.05
*** RIVER *** [2d Kc Ts Qc] [5c]
MAPR1991: bets $0.05
Matheus_Adv: calls $0.05
*** SHOW DOWN ***
MAPR1991: shows [Ks 8s] (a pair of Kings)
Matheus_Adv: mucks hand 
MAPR1991 collected $0.64 from pot
*** SUMMARY ***
Total pot $0.67 | Rake $0.03 
Board [2d Kc Ts Qc 5c]
Seat 2: thumbsoff (button) folded before Flop (didn't bet)
Seat 3: 519Grinder24/7 (small blind) folded before Flop
Seat 4: Apostol108 (big blind) folded before Flop
Seat 5: APoneTony folded before Flop (didn't bet)
Seat 6: MAPR1991 showed [Ks 8s] and won ($0.64) with a pair of Kings
Seat 7: Dorex2007 folded before Flop (didn't bet)
Seat 8: Matheus_Adv mucked [Ah 8h]
Seat 9: boarddiver folded before Flop (didn't bet)



PokerStars Hand #238503978563:  Hold'em No Limit ($0.02/$0.05 USD) - 2022/09/08 14:49:13 PT [2022/09/08 17:49:13 ET]
Table 'Aurelia II' 9-max Seat #3 is the button
Seat 2: thumbsoff ($5 in chips) 
Seat 3: 519Grinder24/7 ($5.45 in chips) 
Seat 4: Apostol108 ($6.25 in chips) 
Seat 5: APoneTony ($4.57 in chips) 
Seat 6: MAPR1991 ($2.31 in chips) 
Seat 7: Dorex2007 ($5.09 in chips) 
Seat 8: Matheus_Adv ($4.63 in chips) 
Seat 9: boarddiver ($4.35 in chips) 
Apostol108: posts small blind $0.02
APoneTony: posts big blind $0.05
*** HOLE CARDS ***
Dealt to Dorex2007 [8s Td]
MAPR1991: folds 
Dorex2007: folds 
Matheus_Adv: folds 
boarddiver: calls $0.05
thumbsoff: folds 
519Grinder24/7: folds 
Apostol108: calls $0.03
APoneTony: checks 
*** FLOP *** [Kh 2d Th]
Apostol108: bets $0.10
APoneTony: folds 
boarddiver: calls $0.10
*** TURN *** [Kh 2d Th] [2s]
Apostol108: bets $0.20
boarddiver: calls $0.20
*** RIVER *** [Kh 2d Th 2s] [4d]
Apostol108: bets $0.40
boarddiver: folds 
Uncalled bet ($0.40) returned to Apostol108
Apostol108 collected $0.72 from pot
Apostol108: doesn't show hand 
*** SUMMARY ***
Total pot $0.75 | Rake $0.03 
Board [Kh 2d Th 2s 4d]
Seat 2: thumbsoff folded before Flop (didn't bet)
Seat 3: 519Grinder24/7 (button) folded before Flop (didn't bet)
Seat 4: Apostol108 (small blind) collected ($0.72)
Seat 5: APoneTony (big blind) folded on the Flop
Seat 6: MAPR1991 folded before Flop (didn't bet)
Seat 7: Dorex2007 folded before Flop (didn't bet)
Seat 8: Matheus_Adv folded before Flop (didn't bet)
Seat 9: boarddiver folded on the River



PokerStars Hand #238504000017:  Hold'em No Limit ($0.02/$0.05 USD) - 2022/09/08 14:50:11 PT [2022/09/08 17:50:11 ET]
Table 'Aurelia II' 9-max Seat #4 is the button
Seat 2: thumbsoff ($5 in chips) 
Seat 3: 519Grinder24/7 ($5.45 in chips) 
Seat 4: Apostol108 ($6.62 in chips) 
Seat 5: APoneTony ($4.52 in chips) 
Seat 6: MAPR1991 ($2.31 in chips) 
Seat 7: Dorex2007 ($5.09 in chips) 
Seat 8: Matheus_Adv ($4.63 in chips) 
Seat 9: boarddiver ($4 in chips) 
APoneTony: posts small blind $0.02
MAPR1991: posts big blind $0.05
*** HOLE CARDS ***
Dealt to Dorex2007 [9h 5c]
Dorex2007: folds 
Matheus_Adv: raises $0.10 to $0.15
boarddiver: calls $0.15
thumbsoff: folds 
519Grinder24/7: calls $0.15
Apostol108: folds 
APoneTony: calls $0.13
MAPR1991: folds 
*** FLOP *** [7s 7h Kh]
APoneTony: checks 
Matheus_Adv: checks 
boarddiver: bets $0.31
519Grinder24/7: folds 
APoneTony: folds 
Matheus_Adv: folds 
Uncalled bet ($0.31) returned to boarddiver
boarddiver collected $0.62 from pot
boarddiver: doesn't show hand 
*** SUMMARY ***
Total pot $0.65 | Rake $0.03 
Board [7s 7h Kh]
Seat 2: thumbsoff folded before Flop (didn't bet)
Seat 3: 519Grinder24/7 folded on the Flop
Seat 4: Apostol108 (button) folded before Flop (didn't bet)
Seat 5: APoneTony (small blind) folded on the Flop
Seat 6: MAPR1991 (big blind) folded before Flop
Seat 7: Dorex2007 folded before Flop (didn't bet)
Seat 8: Matheus_Adv folded on the Flop
Seat 9: boarddiver collected ($0.62)



PokerStars Hand #238504024880:  Hold'em No Limit ($0.02/$0.05 USD) - 2022/09/08 14:51:17 PT [2022/09/08 17:51:17 ET]
Table 'Aurelia II' 9-max Seat #5 is the button
Seat 2: thumbsoff ($5 in chips) 
Seat 3: 519Grinder24/7 ($5.30 in chips) 
Seat 4: Apostol108 ($6.62 in chips) 
Seat 5: APoneTony ($4.37 in chips) 
Seat 6: MAPR1991 ($2.26 in chips) 
Seat 7: Dorex2007 ($5.09 in chips) 
Seat 8: Matheus_Adv ($4.48 in chips) 
Seat 9: boarddiver ($4.47 in chips) 
MAPR1991: posts small blind $0.02
Dorex2007: posts big blind $0.05
*** HOLE CARDS ***
Dealt to Dorex2007 [Ts 9c]
Matheus_Adv: folds 
boarddiver: calls $0.05
thumbsoff: raises $0.10 to $0.15
519Grinder24/7: folds 
Apostol108: folds 
APoneTony: folds 
MAPR1991: folds 
Dorex2007: folds 
boarddiver: calls $0.10
*** FLOP *** [2s 4d As]
boarddiver: checks 
thumbsoff: bets $0.11
boarddiver: calls $0.11
*** TURN *** [2s 4d As] [Th]
boarddiver: checks 
thumbsoff: checks 
*** RIVER *** [2s 4d As Th] [Qd]
boarddiver: checks 
thumbsoff: checks 
*** SHOW DOWN ***
boarddiver: shows [5h 5d] (a pair of Fives)
thumbsoff: shows [8d 8h] (a pair of Eights)
thumbsoff collected $0.57 from pot
*** SUMMARY ***
Total pot $0.59 | Rake $0.02 
Board [2s 4d As Th Qd]
Seat 2: thumbsoff showed [8d 8h] and won ($0.57) with a pair of Eights
Seat 3: 519Grinder24/7 folded before Flop (didn't bet)
Seat 4: Apostol108 folded before Flop (didn't bet)
Seat 5: APoneTony (button) folded before Flop (didn't bet)
Seat 6: MAPR1991 (small blind) folded before Flop
Seat 7: Dorex2007 (big blind) folded before Flop
Seat 8: Matheus_Adv folded before Flop (didn't bet)
Seat 9: boarddiver showed [5h 5d] and lost with a pair of Fives



PokerStars Hand #238504047205:  Hold'em No Limit ($0.02/$0.05 USD) - 2022/09/08 14:52:18 PT [2022/09/08 17:52:18 ET]
Table 'Aurelia II' 9-max Seat #6 is the button
Seat 2: thumbsoff ($5.31 in chips) 
Seat 3: 519Grinder24/7 ($5.30 in chips) 
Seat 4: Apostol108 ($6.62 in chips) 
Seat 5: APoneTony ($4.37 in chips) 
Seat 6: MAPR1991 ($2.24 in chips) 
Seat 7: Dorex2007 ($5.04 in chips) 
Seat 8: Matheus_Adv ($4.48 in chips) 
Seat 9: boarddiver ($4.21 in chips) 
Dorex2007: posts small blind $0.02
Matheus_Adv: posts big blind $0.05
BuckyWunderlick: sits out 
*** HOLE CARDS ***
Dealt to Dorex2007 [8c Jc]
boarddiver: folds 
thumbsoff: folds 
519Grinder24/7: folds 
Apostol108: folds 
APoneTony: folds 
MAPR1991: calls $0.05
Dorex2007: folds 
Matheus_Adv: checks 
*** FLOP *** [4h 8h 6c]
Matheus_Adv: checks 
MAPR1991: bets $0.05
Matheus_Adv: calls $0.05
*** TURN *** [4h 8h 6c] [7d]
Matheus_Adv: checks 
MAPR1991: bets $0.05
Matheus_Adv: calls $0.05
*** RIVER *** [4h 8h 6c 7d] [7h]
Matheus_Adv: checks 
MAPR1991: bets $0.05
Matheus_Adv: calls $0.05
*** SHOW DOWN ***
MAPR1991: shows [Ad 6h] (two pair, Sevens and Sixes)
Matheus_Adv: shows [8d 2h] (two pair, Eights and Sevens)
Matheus_Adv collected $0.40 from pot
*** SUMMARY ***
Total pot $0.42 | Rake $0.02 
Board [4h 8h 6c 7d 7h]
Seat 2: thumbsoff folded before Flop (didn't bet)
Seat 3: 519Grinder24/7 folded before Flop (didn't bet)
Seat 4: Apostol108 folded before Flop (didn't bet)
Seat 5: APoneTony folded before Flop (didn't bet)
Seat 6: MAPR1991 (button) showed [Ad 6h] and lost with two pair, Sevens and Sixes
Seat 7: Dorex2007 (small blind) folded before Flop
Seat 8: Matheus_Adv (big blind) showed [8d 2h] and won ($0.40) with two pair, Eights and Sevens
Seat 9: boarddiver folded before Flop (didn't bet)



PokerStars Hand #238504064805:  Hold'em No Limit ($0.02/$0.05 USD) - 2022/09/08 14:53:06 PT [2022/09/08 17:53:06 ET]
Table 'Aurelia II' 9-max Seat #7 is the button
Seat 2: thumbsoff ($5.31 in chips) 
Seat 3: 519Grinder24/7 ($5.30 in chips) 
Seat 4: Apostol108 ($6.62 in chips) 
Seat 5: APoneTony ($4.37 in chips) 
Seat 6: MAPR1991 ($2.04 in chips) 
Seat 7: Dorex2007 ($5.02 in chips) 
Seat 8: Matheus_Adv ($4.68 in chips) 
Seat 9: boarddiver ($4.21 in chips) 
Matheus_Adv: posts small blind $0.02
boarddiver: posts big blind $0.05
BuckyWunderlick: sits out 
*** HOLE CARDS ***
Dealt to Dorex2007 [3c 9s]
thumbsoff: folds 
519Grinder24/7: folds 
Apostol108: raises $0.10 to $0.15
APoneTony: folds 
MAPR1991: folds 
Dorex2007: folds 
Matheus_Adv: folds 
boarddiver: folds 
Uncalled bet ($0.10) returned to Apostol108
Apostol108 collected $0.12 from pot
Apostol108: doesn't show hand 
*** SUMMARY ***
Total pot $0.12 | Rake $0 
Seat 2: thumbsoff folded before Flop (didn't bet)
Seat 3: 519Grinder24/7 folded before Flop (didn't bet)
Seat 4: Apostol108 collected ($0.12)
Seat 5: APoneTony folded before Flop (didn't bet)
Seat 6: MAPR1991 folded before Flop (didn't bet)
Seat 7: Dorex2007 (button) folded before Flop (didn't bet)
Seat 8: Matheus_Adv (small blind) folded before Flop
Seat 9: boarddiver (big blind) folded before Flop



PokerStars Hand #238504073090:  Hold'em No Limit ($0.02/$0.05 USD) - 2022/09/08 14:53:29 PT [2022/09/08 17:53:29 ET]
Table 'Aurelia II' 9-max Seat #8 is the button
Seat 2: thumbsoff ($5.31 in chips) 
Seat 3: 519Grinder24/7 ($5.30 in chips) 
Seat 4: Apostol108 ($6.69 in chips) 
Seat 5: APoneTony ($4.37 in chips) 
Seat 6: MAPR1991 ($2.04 in chips) 
Seat 7: Dorex2007 ($5.02 in chips) 
Seat 8: Matheus_Adv ($4.66 in chips) 
Seat 9: boarddiver ($4.16 in chips) 
boarddiver: posts small blind $0.02
BuckyWunderlick: is sitting out 
thumbsoff: posts big blind $0.05
*** HOLE CARDS ***
Dealt to Dorex2007 [9d 9h]
BuckyWunderlick leaves the table
CrownRoyalFTW joins the table at seat #1 
519Grinder24/7: calls $0.05
Apostol108: folds 
APoneTony: folds 
MAPR1991: calls $0.05
Dorex2007: raises $0.10 to $0.15
Matheus_Adv: folds 
boarddiver: folds 
thumbsoff: calls $0.10
519Grinder24/7: calls $0.10
MAPR1991: calls $0.10
*** FLOP *** [6s 7d 7c]
thumbsoff: checks 
519Grinder24/7: checks 
MAPR1991: bets $0.05
Dorex2007: raises $0.70 to $0.75
thumbsoff: folds 
519Grinder24/7: folds 
MAPR1991: folds 
Uncalled bet ($0.70) returned to Dorex2007
Dorex2007 collected $0.69 from pot
Dorex2007: doesn't show hand 
*** SUMMARY ***
Total pot $0.72 | Rake $0.03 
Board [6s 7d 7c]
Seat 2: thumbsoff (big blind) folded on the Flop
Seat 3: 519Grinder24/7 folded on the Flop
Seat 4: Apostol108 folded before Flop (didn't bet)
Seat 5: APoneTony folded before Flop (didn't bet)
Seat 6: MAPR1991 folded on the Flop
Seat 7: Dorex2007 collected ($0.69)
Seat 8: Matheus_Adv (button) folded before Flop (didn't bet)
Seat 9: boarddiver (small blind) folded before Flop



PokerStars Hand #238504092585:  Hold'em No Limit ($0.02/$0.05 USD) - 2022/09/08 14:54:22 PT [2022/09/08 17:54:22 ET]
Table 'Aurelia II' 9-max Seat #9 is the button
Seat 2: thumbsoff ($5.16 in chips) 
Seat 3: 519Grinder24/7 ($5.15 in chips) 
Seat 4: Apostol108 ($6.69 in chips) 
Seat 5: APoneTony ($4.37 in chips) 
Seat 6: MAPR1991 ($1.84 in chips) 
Seat 7: Dorex2007 ($5.51 in chips) 
Seat 8: Matheus_Adv ($4.66 in chips) 
Seat 9: boarddiver ($4.14 in chips) 
thumbsoff: posts small blind $0.02
519Grinder24/7: posts big blind $0.05
*** HOLE CARDS ***
Dealt to Dorex2007 [2s Td]
Apostol108: folds 
APoneTony: folds 
MAPR1991: calls $0.05
Dorex2007: folds 
Matheus_Adv: folds 
boarddiver: folds 
thumbsoff: folds 
519Grinder24/7: raises $0.15 to $0.20
MAPR1991: calls $0.15
*** FLOP *** [8s 4d 5h]
519Grinder24/7: bets $0.50
MAPR1991: folds 
Uncalled bet ($0.50) returned to 519Grinder24/7
519Grinder24/7 collected $0.40 from pot
*** SUMMARY ***
Total pot $0.42 | Rake $0.02 
Board [8s 4d 5h]
Seat 2: thumbsoff (small blind) folded before Flop
Seat 3: 519Grinder24/7 (big blind) collected ($0.40)
Seat 4: Apostol108 folded before Flop (didn't bet)
Seat 5: APoneTony folded before Flop (didn't bet)
Seat 6: MAPR1991 folded on the Flop
Seat 7: Dorex2007 folded before Flop (didn't bet)
Seat 8: Matheus_Adv folded before Flop (didn't bet)
Seat 9: boarddiver (button) folded before Flop (didn't bet)



PokerStars Hand #238504108781:  Hold'em No Limit ($0.02/$0.05 USD) - 2022/09/08 14:55:07 PT [2022/09/08 17:55:07 ET]
Table 'Aurelia II' 9-max Seat #2 is the button
Seat 2: thumbsoff ($5.14 in chips) 
Seat 3: 519Grinder24/7 ($5.35 in chips) 
Seat 4: Apostol108 ($6.69 in chips) 
Seat 5: APoneTony ($4.37 in chips) 
Seat 6: MAPR1991 ($1.64 in chips) 
Seat 7: Dorex2007 ($5.51 in chips) 
Seat 8: Matheus_Adv ($4.66 in chips) 
Seat 9: boarddiver ($4.14 in chips) 
519Grinder24/7: posts small blind $0.02
Apostol108: posts big blind $0.05
CrownRoyalFTW: sits out 
*** HOLE CARDS ***
Dealt to Dorex2007 [8d 7s]
APoneTony: folds 
MAPR1991: folds 
Dorex2007: folds 
Matheus_Adv: folds 
boarddiver: folds 
thumbsoff: folds 
519Grinder24/7: raises $0.10 to $0.15
Apostol108: calls $0.10
*** FLOP *** [Td Ad 2c]
519Grinder24/7: bets $0.15
Apostol108: calls $0.15
*** TURN *** [Td Ad 2c] [4s]
519Grinder24/7: bets $0.15
Apostol108: folds 
Uncalled bet ($0.15) returned to 519Grinder24/7
519Grinder24/7 collected $0.58 from pot
*** SUMMARY ***
Total pot $0.60 | Rake $0.02 
Board [Td Ad 2c 4s]
Seat 2: thumbsoff (button) folded before Flop (didn't bet)
Seat 3: 519Grinder24/7 (small blind) collected ($0.58)
Seat 4: Apostol108 (big blind) folded on the Turn
Seat 5: APoneTony folded before Flop (didn't bet)
Seat 6: MAPR1991 folded before Flop (didn't bet)
Seat 7: Dorex2007 folded before Flop (didn't bet)
Seat 8: Matheus_Adv folded before Flop (didn't bet)
Seat 9: boarddiver folded before Flop (didn't bet)



PokerStars Hand #238504123046:  Hold'em No Limit ($0.02/$0.05 USD) - 2022/09/08 14:55:58 PT [2022/09/08 17:55:58 ET]
Table 'Aurelia II' 9-max Seat #3 is the button
Seat 2: thumbsoff ($5.14 in chips) 
Seat 3: 519Grinder24/7 ($5.63 in chips) 
Seat 4: Apostol108 ($6.39 in chips) 
Seat 5: APoneTony ($4.37 in chips) 
Seat 6: MAPR1991 ($1.64 in chips) 
Seat 7: Dorex2007 ($5.51 in chips) 
Seat 8: Matheus_Adv ($4.66 in chips) 
Seat 9: boarddiver ($4.14 in chips) 
Apostol108: posts small blind $0.02
APoneTony: posts big blind $0.05
CrownRoyalFTW: sits out 
*** HOLE CARDS ***
Dealt to Dorex2007 [Jd Ts]
MAPR1991: folds 
Dorex2007: folds 
Matheus_Adv: folds 
boarddiver: folds 
thumbsoff: raises $0.10 to $0.15
519Grinder24/7: folds 
Apostol108: folds 
APoneTony: folds 
Uncalled bet ($0.10) returned to thumbsoff
thumbsoff collected $0.12 from pot
thumbsoff: doesn't show hand 
*** SUMMARY ***
Total pot $0.12 | Rake $0 
Seat 2: thumbsoff collected ($0.12)
Seat 3: 519Grinder24/7 (button) folded before Flop (didn't bet)
Seat 4: Apostol108 (small blind) folded before Flop
Seat 5: APoneTony (big blind) folded before Flop
Seat 6: MAPR1991 folded before Flop (didn't bet)
Seat 7: Dorex2007 folded before Flop (didn't bet)
Seat 8: Matheus_Adv folded before Flop (didn't bet)
Seat 9: boarddiver folded before Flop (didn't bet)



PokerStars Hand #238504127071:  Hold'em No Limit ($0.02/$0.05 USD) - 2022/09/08 14:56:13 PT [2022/09/08 17:56:13 ET]
Table 'Aurelia II' 9-max Seat #4 is the button
Seat 2: thumbsoff ($5.21 in chips) 
Seat 3: 519Grinder24/7 ($5.63 in chips) 
Seat 4: Apostol108 ($6.37 in chips) 
Seat 5: APoneTony ($4.32 in chips) 
Seat 6: MAPR1991 ($1.64 in chips) 
Seat 7: Dorex2007 ($5.51 in chips) 
Seat 8: Matheus_Adv ($4.66 in chips) 
Seat 9: boarddiver ($4.14 in chips) 
APoneTony: posts small blind $0.02
MAPR1991: posts big blind $0.05
CrownRoyalFTW: sits out 
*** HOLE CARDS ***
Dealt to Dorex2007 [4c 9c]
Dorex2007: folds 
Matheus_Adv: raises $0.10 to $0.15
boarddiver: folds 
thumbsoff: folds 
519Grinder24/7: folds 
Apostol108: folds 
APoneTony: folds 
MAPR1991: folds 
Uncalled bet ($0.10) returned to Matheus_Adv
Matheus_Adv collected $0.12 from pot
Matheus_Adv: doesn't show hand 
*** SUMMARY ***
Total pot $0.12 | Rake $0 
Seat 2: thumbsoff folded before Flop (didn't bet)
Seat 3: 519Grinder24/7 folded before Flop (didn't bet)
Seat 4: Apostol108 (button) folded before Flop (didn't bet)
Seat 5: APoneTony (small blind) folded before Flop
Seat 6: MAPR1991 (big blind) folded before Flop
Seat 7: Dorex2007 folded before Flop (didn't bet)
Seat 8: Matheus_Adv collected ($0.12)
Seat 9: boarddiver folded before Flop (didn't bet)



PokerStars Hand #238504134061:  Hold'em No Limit ($0.02/$0.05 USD) - 2022/09/08 14:56:39 PT [2022/09/08 17:56:39 ET]
Table 'Aurelia II' 9-max Seat #5 is the button
Seat 2: thumbsoff ($5.21 in chips) 
Seat 3: 519Grinder24/7 ($5.63 in chips) 
Seat 4: Apostol108 ($6.37 in chips) 
Seat 5: APoneTony ($4.30 in chips) 
Seat 6: MAPR1991 ($1.59 in chips) 
Seat 7: Dorex2007 ($5.51 in chips) 
Seat 8: Matheus_Adv ($4.73 in chips) 
Seat 9: boarddiver ($4.14 in chips) 
MAPR1991: posts small blind $0.02
Dorex2007: posts big blind $0.05
CrownRoyalFTW: sits out 
*** HOLE CARDS ***
Dealt to Dorex2007 [Ks Qh]
Matheus_Adv: folds 
boarddiver: folds 
thumbsoff: folds 
519Grinder24/7: folds 
Apostol108: folds 
APoneTony: folds 
MAPR1991: calls $0.03
Dorex2007: checks 
*** FLOP *** [3s 4h 7d]
MAPR1991: bets $0.05
Dorex2007: folds 
Uncalled bet ($0.05) returned to MAPR1991
MAPR1991 collected $0.10 from pot
MAPR1991: doesn't show hand 
*** SUMMARY ***
Total pot $0.10 | Rake $0 
Board [3s 4h 7d]
Seat 2: thumbsoff folded before Flop (didn't bet)
Seat 3: 519Grinder24/7 folded before Flop (didn't bet)
Seat 4: Apostol108 folded before Flop (didn't bet)
Seat 5: APoneTony (button) folded before Flop (didn't bet)
Seat 6: MAPR1991 (small blind) collected ($0.10)
Seat 7: Dorex2007 (big blind) folded on the Flop
Seat 8: Matheus_Adv folded before Flop (didn't bet)
Seat 9: boarddiver folded before Flop (didn't bet)



PokerStars Hand #238504142589:  Hold'em No Limit ($0.02/$0.05 USD) - 2022/09/08 14:57:10 PT [2022/09/08 17:57:10 ET]
Table 'Aurelia II' 9-max Seat #6 is the button
Seat 2: thumbsoff ($5.21 in chips) 
Seat 3: 519Grinder24/7 ($5.63 in chips) 
Seat 4: Apostol108 ($6.37 in chips) 
Seat 5: APoneTony ($4.30 in chips) 
Seat 6: MAPR1991 ($1.64 in chips) 
Seat 7: Dorex2007 ($5.46 in chips) 
Seat 8: Matheus_Adv ($4.73 in chips) 
Seat 9: boarddiver ($4.14 in chips) 
Dorex2007: posts small blind $0.02
Matheus_Adv: posts big blind $0.05
CrownRoyalFTW: sits out 
*** HOLE CARDS ***
Dealt to Dorex2007 [2h 7c]
boarddiver: calls $0.05
thumbsoff: raises $0.10 to $0.15
519Grinder24/7: folds 
Apostol108: folds 
APoneTony: calls $0.15
MAPR1991: folds 
Dorex2007: folds 
Matheus_Adv: folds 
boarddiver: calls $0.10
*** FLOP *** [Qc 9d 3s]
boarddiver: checks 
thumbsoff: checks 
APoneTony: checks 
*** TURN *** [Qc 9d 3s] [Js]
boarddiver: checks 
thumbsoff: bets $0.15
APoneTony: folds 
boarddiver: folds 
Uncalled bet ($0.15) returned to thumbsoff
thumbsoff collected $0.50 from pot
thumbsoff: doesn't show hand 
*** SUMMARY ***
Total pot $0.52 | Rake $0.02 
Board [Qc 9d 3s Js]
Seat 2: thumbsoff collected ($0.50)
Seat 3: 519Grinder24/7 folded before Flop (didn't bet)
Seat 4: Apostol108 folded before Flop (didn't bet)
Seat 5: APoneTony folded on the Turn
Seat 6: MAPR1991 (button) folded before Flop (didn't bet)
Seat 7: Dorex2007 (small blind) folded before Flop
Seat 8: Matheus_Adv (big blind) folded before Flop
Seat 9: boarddiver folded on the Turn



PokerStars Hand #238504159525:  Hold'em No Limit ($0.02/$0.05 USD) - 2022/09/08 14:58:12 PT [2022/09/08 17:58:12 ET]
Table 'Aurelia II' 9-max Seat #7 is the button
Seat 2: thumbsoff ($5.56 in chips) 
Seat 3: 519Grinder24/7 ($5.63 in chips) 
Seat 4: Apostol108 ($6.37 in chips) 
Seat 5: APoneTony ($4.15 in chips) 
Seat 6: MAPR1991 ($1.64 in chips) 
Seat 7: Dorex2007 ($5.44 in chips) 
Seat 8: Matheus_Adv ($4.68 in chips) 
Seat 9: boarddiver ($3.99 in chips) 
Matheus_Adv: posts small blind $0.02
boarddiver: posts big blind $0.05
CrownRoyalFTW: sits out 
*** HOLE CARDS ***
Dealt to Dorex2007 [8d 2c]
thumbsoff: folds 
519Grinder24/7: folds 
Apostol108: folds 
APoneTony: raises $0.10 to $0.15
MAPR1991: calls $0.15
Dorex2007: folds 
Matheus_Adv: folds 
boarddiver: calls $0.10
*** FLOP *** [7s 4s Th]
boarddiver: checks 
APoneTony: bets $0.22
MAPR1991: raises $0.22 to $0.44
boarddiver: calls $0.44
APoneTony: calls $0.22
*** TURN *** [7s 4s Th] [Kd]
boarddiver: checks 
APoneTony: checks 
MAPR1991: bets $1.05 and is all-in
boarddiver: calls $1.05
APoneTony: folds 
*** RIVER *** [7s 4s Th Kd] [Kh]
*** SHOW DOWN ***
boarddiver: shows [Kc Td] (a full house, Kings full of Tens)
MAPR1991: shows [Ks Jh] (three of a kind, Kings)
MAPR1991 cashed out the hand for $0.25
boarddiver cashed out the hand for $3.45 | Cash Out Fee $0.03
*** SUMMARY ***
Total pot $3.89 | Rake $0.16 
Board [7s 4s Th Kd Kh]
Seat 2: thumbsoff folded before Flop (didn't bet)
Seat 3: 519Grinder24/7 folded before Flop (didn't bet)
Seat 4: Apostol108 folded before Flop (didn't bet)
Seat 5: APoneTony folded on the Turn
Seat 6: MAPR1991 showed [Ks Jh] and lost with three of a kind, Kings (cashed out).
Seat 7: Dorex2007 (button) folded before Flop (didn't bet)
Seat 8: Matheus_Adv (small blind) folded before Flop
Seat 9: boarddiver (big blind) showed [Kc Td] and won ($3.73) with a full house, Kings full of Tens (pot not awarded as player cashed out)



PokerStars Hand #238504186721:  Hold'em No Limit ($0.02/$0.05 USD) - 2022/09/08 14:59:52 PT [2022/09/08 17:59:52 ET]
Table 'Aurelia II' 9-max Seat #8 is the button
Seat 1: CrownRoyalFTW ($5 in chips) 
Seat 2: thumbsoff ($5.56 in chips) 
Seat 3: 519Grinder24/7 ($5.63 in chips) 
Seat 4: Apostol108 ($6.37 in chips) 
Seat 5: APoneTony ($5 in chips) 
Seat 6: MAPR1991 ($0.25 in chips) 
Seat 7: Dorex2007 ($5.44 in chips) 
Seat 8: Matheus_Adv ($4.66 in chips) 
Seat 9: boarddiver ($5.80 in chips) 
boarddiver: posts small blind $0.02
CrownRoyalFTW: posts big blind $0.05
*** HOLE CARDS ***
Dealt to Dorex2007 [Qd 4s]
thumbsoff: raises $0.07 to $0.12
519Grinder24/7: folds 
Apostol108: folds 
APoneTony: folds 
MAPR1991: raises $0.13 to $0.25 and is all-in
Dorex2007: folds 
Matheus_Adv: folds 
boarddiver: folds 
CrownRoyalFTW: folds 
thumbsoff: calls $0.13
*** FLOP *** [3h Qs 3s]
*** TURN *** [3h Qs 3s] [5c]
*** RIVER *** [3h Qs 3s 5c] [8h]
*** SHOW DOWN ***
thumbsoff: shows [Tc Jc] (a pair of Threes)
MAPR1991: shows [Th Ah] (a pair of Threes - Ace kicker)
MAPR1991 collected $0.55 from pot
*** SUMMARY ***
Total pot $0.57 | Rake $0.02 
Board [3h Qs 3s 5c 8h]
Seat 1: CrownRoyalFTW (big blind) folded before Flop
Seat 2: thumbsoff showed [Tc Jc] and lost with a pair of Threes
Seat 3: 519Grinder24/7 folded before Flop (didn't bet)
Seat 4: Apostol108 folded before Flop (didn't bet)
Seat 5: APoneTony folded before Flop (didn't bet)
Seat 6: MAPR1991 showed [Th Ah] and won ($0.55) with a pair of Threes
Seat 7: Dorex2007 folded before Flop (didn't bet)
Seat 8: Matheus_Adv (button) folded before Flop (didn't bet)
Seat 9: boarddiver (small blind) folded before Flop



PokerStars Hand #238504196567:  Hold'em No Limit ($0.02/$0.05 USD) - 2022/09/08 15:00:27 PT [2022/09/08 18:00:27 ET]
Table 'Aurelia II' 9-max Seat #9 is the button
Seat 1: CrownRoyalFTW ($5 in chips) 
Seat 2: thumbsoff ($5.31 in chips) 
Seat 3: 519Grinder24/7 ($5.63 in chips) 
Seat 4: Apostol108 ($6.37 in chips) 
Seat 5: APoneTony ($5 in chips) 
Seat 6: MAPR1991 ($0.55 in chips) 
Seat 7: Dorex2007 ($5.44 in chips) 
Seat 8: Matheus_Adv ($4.66 in chips) 
Seat 9: boarddiver ($5.78 in chips) 
CrownRoyalFTW: posts small blind $0.02
thumbsoff: posts big blind $0.05
*** HOLE CARDS ***
Dealt to Dorex2007 [Ts 2s]
519Grinder24/7: folds 
Apostol108: folds 
APoneTony: folds 
MAPR1991: folds 
Dorex2007: folds 
Matheus_Adv: folds 
boarddiver: folds 
CrownRoyalFTW: folds 
Uncalled bet ($0.03) returned to thumbsoff
thumbsoff collected $0.04 from pot
thumbsoff: doesn't show hand 
*** SUMMARY ***
Total pot $0.04 | Rake $0 
Seat 1: CrownRoyalFTW (small blind) folded before Flop
Seat 2: thumbsoff (big blind) collected ($0.04)
Seat 3: 519Grinder24/7 folded before Flop (didn't bet)
Seat 4: Apostol108 folded before Flop (didn't bet)
Seat 5: APoneTony folded before Flop (didn't bet)
Seat 6: MAPR1991 folded before Flop (didn't bet)
Seat 7: Dorex2007 folded before Flop (didn't bet)
Seat 8: Matheus_Adv folded before Flop (didn't bet)
Seat 9: boarddiver (button) folded before Flop (didn't bet)



PokerStars Hand #238504199558:  Hold'em No Limit ($0.02/$0.05 USD) - 2022/09/08 15:00:38 PT [2022/09/08 18:00:38 ET]
Table 'Aurelia II' 9-max Seat #1 is the button
Seat 1: CrownRoyalFTW ($5 in chips) 
Seat 2: thumbsoff ($5.33 in chips) 
Seat 3: 519Grinder24/7 ($5.63 in chips) 
Seat 4: Apostol108 ($6.37 in chips) 
Seat 5: APoneTony ($5 in chips) 
Seat 6: MAPR1991 ($0.55 in chips) 
Seat 7: Dorex2007 ($5.44 in chips) 
Seat 8: Matheus_Adv ($4.66 in chips) 
Seat 9: boarddiver ($5.78 in chips) 
thumbsoff: posts small blind $0.02
519Grinder24/7: posts big blind $0.05
*** HOLE CARDS ***
Dealt to Dorex2007 [8h 6d]
Apostol108: folds 
APoneTony: folds 
MAPR1991: calls $0.05
Dorex2007: folds 
Matheus_Adv: folds 
boarddiver: calls $0.05
CrownRoyalFTW: folds 
thumbsoff: folds 
519Grinder24/7: checks 
*** FLOP *** [Qd Kh Ks]
519Grinder24/7: checks 
MAPR1991: checks 
boarddiver: bets $0.08
519Grinder24/7: folds 
MAPR1991: calls $0.08
*** TURN *** [Qd Kh Ks] [4c]
MAPR1991: checks 
boarddiver: bets $0.16
MAPR1991: folds 
Uncalled bet ($0.16) returned to boarddiver
boarddiver collected $0.32 from pot
boarddiver: doesn't show hand 
*** SUMMARY ***
Total pot $0.33 | Rake $0.01 
Board [Qd Kh Ks 4c]
Seat 1: CrownRoyalFTW (button) folded before Flop (didn't bet)
Seat 2: thumbsoff (small blind) folded before Flop
Seat 3: 519Grinder24/7 (big blind) folded on the Flop
Seat 4: Apostol108 folded before Flop (didn't bet)
Seat 5: APoneTony folded before Flop (didn't bet)
Seat 6: MAPR1991 folded on the Turn
Seat 7: Dorex2007 folded before Flop (didn't bet)
Seat 8: Matheus_Adv folded before Flop (didn't bet)
Seat 9: boarddiver collected ($0.32)



PokerStars Hand #238504218226:  Hold'em No Limit ($0.02/$0.05 USD) - 2022/09/08 15:01:37 PT [2022/09/08 18:01:37 ET]
Table 'Aurelia II' 9-max Seat #2 is the button
Seat 1: CrownRoyalFTW ($5 in chips) 
Seat 2: thumbsoff ($5.31 in chips) 
Seat 3: 519Grinder24/7 ($5.58 in chips) 
Seat 4: Apostol108 ($6.37 in chips) 
Seat 5: APoneTony ($5 in chips) 
Seat 6: MAPR1991 ($0.42 in chips) 
Seat 7: Dorex2007 ($5.44 in chips) 
Seat 8: Matheus_Adv ($4.66 in chips) 
Seat 9: boarddiver ($5.97 in chips) 
519Grinder24/7: posts small blind $0.02
Apostol108: posts big blind $0.05
*** HOLE CARDS ***
Dealt to Dorex2007 [Ac 6c]
APoneTony: folds 
MAPR1991: calls $0.05
Dorex2007: folds 
Matheus_Adv: raises $0.10 to $0.15
boarddiver: folds 
CrownRoyalFTW: folds 
thumbsoff: folds 
519Grinder24/7: folds 
Apostol108: folds 
MAPR1991: calls $0.10
*** FLOP *** [8h 2h 7d]
MAPR1991: bets $0.05
Matheus_Adv: raises $0.20 to $0.25
MAPR1991: raises $0.02 to $0.27 and is all-in
Matheus_Adv: calls $0.02
*** TURN *** [8h 2h 7d] [5s]
*** RIVER *** [8h 2h 7d 5s] [6h]
*** SHOW DOWN ***
MAPR1991: shows [Kh 9d] (a straight, Five to Nine)
Matheus_Adv: shows [Ah Jh] (a flush, Ace high)
Matheus_Adv collected $0.87 from pot
*** SUMMARY ***
Total pot $0.91 | Rake $0.04 
Board [8h 2h 7d 5s 6h]
Seat 1: CrownRoyalFTW folded before Flop (didn't bet)
Seat 2: thumbsoff (button) folded before Flop (didn't bet)
Seat 3: 519Grinder24/7 (small blind) folded before Flop
Seat 4: Apostol108 (big blind) folded before Flop
Seat 5: APoneTony folded before Flop (didn't bet)
Seat 6: MAPR1991 showed [Kh 9d] and lost with a straight, Five to Nine
Seat 7: Dorex2007 folded before Flop (didn't bet)
Seat 8: Matheus_Adv showed [Ah Jh] and won ($0.87) with a flush, Ace high
Seat 9: boarddiver folded before Flop (didn't bet)



PokerStars Hand #238504238098:  Hold'em No Limit ($0.02/$0.05 USD) - 2022/09/08 15:02:34 PT [2022/09/08 18:02:34 ET]
Table 'Aurelia II' 9-max Seat #3 is the button
Seat 1: CrownRoyalFTW ($5 in chips) 
Seat 2: thumbsoff ($5.31 in chips) 
Seat 3: 519Grinder24/7 ($5.56 in chips) 
Seat 4: Apostol108 ($6.32 in chips) 
Seat 5: APoneTony ($5 in chips) 
Seat 7: Dorex2007 ($5.44 in chips) 
Seat 8: Matheus_Adv ($5.11 in chips) 
Seat 9: boarddiver ($5.97 in chips) 
Apostol108: posts small blind $0.02
APoneTony: posts big blind $0.05
*** HOLE CARDS ***
Dealt to Dorex2007 [8h Th]
Dorex2007: folds 
Matheus_Adv: folds 
boarddiver: folds 
CrownRoyalFTW: folds 
MAPR1991 leaves the table
thumbsoff: folds 
519Grinder24/7: folds 
Apostol108: folds 
Uncalled bet ($0.03) returned to APoneTony
APoneTony collected $0.04 from pot
*** SUMMARY ***
Total pot $0.04 | Rake $0 
Seat 1: CrownRoyalFTW folded before Flop (didn't bet)
Seat 2: thumbsoff folded before Flop (didn't bet)
Seat 3: 519Grinder24/7 (button) folded before Flop (didn't bet)
Seat 4: Apostol108 (small blind) folded before Flop
Seat 5: APoneTony (big blind) collected ($0.04)
Seat 7: Dorex2007 folded before Flop (didn't bet)
Seat 8: Matheus_Adv folded before Flop (didn't bet)
Seat 9: boarddiver folded before Flop (didn't bet)



PokerStars Hand #238504242824:  Hold'em No Limit ($0.02/$0.05 USD) - 2022/09/08 15:02:47 PT [2022/09/08 18:02:47 ET]
Table 'Aurelia II' 9-max Seat #4 is the button
Seat 1: CrownRoyalFTW ($5 in chips) 
Seat 2: thumbsoff ($5.31 in chips) 
Seat 3: 519Grinder24/7 ($5.56 in chips) 
Seat 4: Apostol108 ($6.30 in chips) 
Seat 5: APoneTony ($5.02 in chips) 
Seat 7: Dorex2007 ($5.44 in chips) 
Seat 8: Matheus_Adv ($5.11 in chips) 
Seat 9: boarddiver ($5.97 in chips) 
APoneTony: posts small blind $0.02
Dorex2007: posts big blind $0.05
*** HOLE CARDS ***
Dealt to Dorex2007 [5s Th]
Matheus_Adv: folds 
boarddiver: calls $0.05
CrownRoyalFTW: folds 
thumbsoff: folds 
519Grinder24/7: folds 
Apostol108: calls $0.05
APoneTony: folds 
Dorex2007: checks 
*** FLOP *** [Ad 4c Qh]
Dorex2007: checks 
boarddiver: checks 
Apostol108: bets $0.08
Dorex2007: folds 
boarddiver: folds 
Uncalled bet ($0.08) returned to Apostol108
Apostol108 collected $0.16 from pot
Apostol108: doesn't show hand 
*** SUMMARY ***
Total pot $0.17 | Rake $0.01 
Board [Ad 4c Qh]
Seat 1: CrownRoyalFTW folded before Flop (didn't bet)
Seat 2: thumbsoff folded before Flop (didn't bet)
Seat 3: 519Grinder24/7 folded before Flop (didn't bet)
Seat 4: Apostol108 (button) collected ($0.16)
Seat 5: APoneTony (small blind) folded before Flop
Seat 7: Dorex2007 (big blind) folded on the Flop
Seat 8: Matheus_Adv folded before Flop (didn't bet)
Seat 9: boarddiver folded on the Flop



PokerStars Hand #238504254005:  Hold'em No Limit ($0.02/$0.05 USD) - 2022/09/08 15:03:18 PT [2022/09/08 18:03:18 ET]
Table 'Aurelia II' 9-max Seat #5 is the button
Seat 1: CrownRoyalFTW ($5 in chips) 
Seat 2: thumbsoff ($5.31 in chips) 
Seat 3: 519Grinder24/7 ($5.56 in chips) 
Seat 4: Apostol108 ($6.41 in chips) 
Seat 5: APoneTony ($5 in chips) 
Seat 7: Dorex2007 ($5.39 in chips) 
Seat 8: Matheus_Adv ($5.11 in chips) 
Seat 9: boarddiver ($5.92 in chips) 
Dorex2007: posts small blind $0.02
Matheus_Adv: posts big blind $0.05
*** HOLE CARDS ***
Dealt to Dorex2007 [5h Js]
manos1010 joins the table at seat #6 
boarddiver: folds 
CrownRoyalFTW: folds 
thumbsoff: folds 
519Grinder24/7: raises $0.10 to $0.15
Apostol108: folds 
APoneTony: calls $0.15
Dorex2007: folds 
Matheus_Adv: calls $0.10
*** FLOP *** [9s Th Ks]
Matheus_Adv: checks 
519Grinder24/7: bets $0.25
APoneTony: calls $0.25
Matheus_Adv: folds 
*** TURN *** [9s Th Ks] [8d]
519Grinder24/7: checks 
APoneTony: checks 
*** RIVER *** [9s Th Ks 8d] [Qc]
519Grinder24/7: bets $0.65
APoneTony: folds 
Uncalled bet ($0.65) returned to 519Grinder24/7
519Grinder24/7 collected $0.93 from pot
*** SUMMARY ***
Total pot $0.97 | Rake $0.04 
Board [9s Th Ks 8d Qc]
Seat 1: CrownRoyalFTW folded before Flop (didn't bet)
Seat 2: thumbsoff folded before Flop (didn't bet)
Seat 3: 519Grinder24/7 collected ($0.93)
Seat 4: Apostol108 folded before Flop (didn't bet)
Seat 5: APoneTony (button) folded on the River
Seat 7: Dorex2007 (small blind) folded before Flop
Seat 8: Matheus_Adv (big blind) folded on the Flop
Seat 9: boarddiver folded before Flop (didn't bet)



PokerStars Hand #238504299193:  Hold'em No Limit ($0.02/$0.05 USD) - 2022/09/08 15:05:23 PT [2022/09/08 18:05:23 ET]
Table 'Aurelia II' 9-max Seat #9 is the button
Seat 1: CrownRoyalFTW ($5.09 in chips) 
Seat 2: thumbsoff ($5.31 in chips) 
Seat 3: 519Grinder24/7 ($6.09 in chips) 
Seat 4: Apostol108 ($6.41 in chips) 
Seat 5: APoneTony ($4.60 in chips) 
Seat 7: Dorex2007 ($5.37 in chips) 
Seat 8: Matheus_Adv ($4.96 in chips) 
Seat 9: boarddiver ($5.87 in chips) 
CrownRoyalFTW: posts small blind $0.02
thumbsoff: posts big blind $0.05
*** HOLE CARDS ***
Dealt to Dorex2007 [Ks 2h]
519Grinder24/7: folds 
Apostol108: folds 
APoneTony: folds 
Dorex2007: folds 
Matheus_Adv: raises $0.10 to $0.15
boarddiver: calls $0.15
CrownRoyalFTW: calls $0.13
thumbsoff: folds 
*** FLOP *** [4h Jc Td]
CrownRoyalFTW: checks 
Matheus_Adv: checks 
boarddiver: bets $0.05
CrownRoyalFTW: calls $0.05
Matheus_Adv: calls $0.05
*** TURN *** [4h Jc Td] [4d]
CrownRoyalFTW: checks 
Matheus_Adv: checks 
boarddiver: checks 
*** RIVER *** [4h Jc Td 4d] [Ts]
CrownRoyalFTW: checks 
Matheus_Adv: bets $0.35
boarddiver: folds 
CrownRoyalFTW: calls $0.35
*** SHOW DOWN ***
Matheus_Adv: shows [7s 4s] (a full house, Fours full of Tens)
CrownRoyalFTW: mucks hand 
Matheus_Adv collected $1.29 from pot
*** SUMMARY ***
Total pot $1.35 | Rake $0.06 
Board [4h Jc Td 4d Ts]
Seat 1: CrownRoyalFTW (small blind) mucked [Ac Js]
Seat 2: thumbsoff (big blind) folded before Flop
Seat 3: 519Grinder24/7 folded before Flop (didn't bet)
Seat 4: Apostol108 folded before Flop (didn't bet)
Seat 5: APoneTony folded before Flop (didn't bet)
Seat 7: Dorex2007 folded before Flop (didn't bet)
Seat 8: Matheus_Adv showed [7s 4s] and won ($1.29) with a full house, Fours full of Tens
Seat 9: boarddiver (button) folded on the River



PokerStars Hand #238504335112:  Hold'em No Limit ($0.02/$0.05 USD) - 2022/09/08 15:07:01 PT [2022/09/08 18:07:01 ET]
Table 'Aurelia II' 9-max Seat #1 is the button
Seat 1: CrownRoyalFTW ($5 in chips) 
Seat 2: thumbsoff ($5.26 in chips) 
Seat 3: 519Grinder24/7 ($6.09 in chips) 
Seat 4: Apostol108 ($6.41 in chips) 
Seat 5: APoneTony ($4.60 in chips) 
Seat 6: manos1010 ($3.95 in chips) 
Seat 7: Dorex2007 ($5.37 in chips) 
Seat 8: Matheus_Adv ($5.70 in chips) 
Seat 9: boarddiver ($5.67 in chips) 
thumbsoff: posts small blind $0.02
519Grinder24/7: posts big blind $0.05
*** HOLE CARDS ***
Dealt to Dorex2007 [Kd Qs]
Apostol108: raises $0.10 to $0.15
APoneTony has timed out
APoneTony: folds 
manos1010: folds 
Dorex2007: folds 
Matheus_Adv: folds 
boarddiver: calls $0.15
CrownRoyalFTW: folds 
thumbsoff: folds 
519Grinder24/7: calls $0.10
*** FLOP *** [Ad Kc Js]
519Grinder24/7: checks 
Apostol108: bets $0.20
boarddiver: folds 
519Grinder24/7: calls $0.20
*** TURN *** [Ad Kc Js] [As]
519Grinder24/7: checks 
Apostol108: bets $0.40
519Grinder24/7: folds 
Uncalled bet ($0.40) returned to Apostol108
Apostol108 collected $0.83 from pot
Apostol108: doesn't show hand 
*** SUMMARY ***
Total pot $0.87 | Rake $0.04 
Board [Ad Kc Js As]
Seat 1: CrownRoyalFTW (button) folded before Flop (didn't bet)
Seat 2: thumbsoff (small blind) folded before Flop
Seat 3: 519Grinder24/7 (big blind) folded on the Turn
Seat 4: Apostol108 collected ($0.83)
Seat 5: APoneTony folded before Flop (didn't bet)
Seat 6: manos1010 folded before Flop (didn't bet)
Seat 7: Dorex2007 folded before Flop (didn't bet)
Seat 8: Matheus_Adv folded before Flop (didn't bet)
Seat 9: boarddiver folded on the Flop



PokerStars Hand #238504358215:  Hold'em No Limit ($0.02/$0.05 USD) - 2022/09/08 15:08:05 PT [2022/09/08 18:08:05 ET]
Table 'Aurelia II' 9-max Seat #2 is the button
Seat 1: CrownRoyalFTW ($5 in chips) 
Seat 2: thumbsoff ($5.24 in chips) 
Seat 3: 519Grinder24/7 ($5.74 in chips) 
Seat 4: Apostol108 ($6.89 in chips) 
Seat 6: manos1010 ($3.95 in chips) 
Seat 7: Dorex2007 ($5.37 in chips) 
Seat 8: Matheus_Adv ($5.70 in chips) 
Seat 9: boarddiver ($5.52 in chips) 
519Grinder24/7: posts small blind $0.02
Apostol108: posts big blind $0.05
*** HOLE CARDS ***
Dealt to Dorex2007 [5c 7c]
manos1010: folds 
Dorex2007: folds 
Matheus_Adv: raises $0.10 to $0.15
boarddiver: folds 
CrownRoyalFTW: folds 
thumbsoff: folds 
519Grinder24/7: calls $0.13
Apostol108: folds 
*** FLOP *** [Ac 9s Jh]
519Grinder24/7: checks 
Matheus_Adv: bets $0.20
519Grinder24/7: calls $0.20
*** TURN *** [Ac 9s Jh] [Ah]
519Grinder24/7: checks 
Matheus_Adv: checks 
*** RIVER *** [Ac 9s Jh Ah] [7d]
519Grinder24/7: bets $0.50
Matheus_Adv: folds 
Uncalled bet ($0.50) returned to 519Grinder24/7
519Grinder24/7 collected $0.72 from pot
*** SUMMARY ***
Total pot $0.75 | Rake $0.03 
Board [Ac 9s Jh Ah 7d]
Seat 1: CrownRoyalFTW folded before Flop (didn't bet)
Seat 2: thumbsoff (button) folded before Flop (didn't bet)
Seat 3: 519Grinder24/7 (small blind) collected ($0.72)
Seat 4: Apostol108 (big blind) folded before Flop
Seat 6: manos1010 folded before Flop (didn't bet)
Seat 7: Dorex2007 folded before Flop (didn't bet)
Seat 8: Matheus_Adv folded on the River
Seat 9: boarddiver folded before Flop (didn't bet)



PokerStars Hand #238504375609:  Hold'em No Limit ($0.02/$0.05 USD) - 2022/09/08 15:08:53 PT [2022/09/08 18:08:53 ET]
Table 'Aurelia II' 9-max Seat #3 is the button
Seat 1: CrownRoyalFTW ($5 in chips) 
Seat 2: thumbsoff ($5.24 in chips) 
Seat 3: 519Grinder24/7 ($6.11 in chips) 
Seat 4: Apostol108 ($6.84 in chips) 
Seat 6: manos1010 ($3.95 in chips) 
Seat 7: Dorex2007 ($5.37 in chips) 
Seat 8: Matheus_Adv ($5.35 in chips) 
Seat 9: boarddiver ($5.52 in chips) 
Apostol108: posts small blind $0.02
manos1010: posts big blind $0.05
*** HOLE CARDS ***
Dealt to Dorex2007 [8c Qd]
Dorex2007: folds 
Matheus_Adv: folds 
boarddiver: folds 
CrownRoyalFTW: folds 
thumbsoff: folds 
519Grinder24/7: calls $0.05
Apostol108: folds 
manos1010: raises $0.10 to $0.15
519Grinder24/7: calls $0.10
*** FLOP *** [4s 6s 9d]
manos1010: bets $0.15
519Grinder24/7: calls $0.15
*** TURN *** [4s 6s 9d] [Jc]
manos1010: checks 
519Grinder24/7: checks 
*** RIVER *** [4s 6s 9d Jc] [Js]
manos1010: checks 
519Grinder24/7: bets $0.35
manos1010: folds 
Uncalled bet ($0.35) returned to 519Grinder24/7
519Grinder24/7 collected $0.59 from pot
*** SUMMARY ***
Total pot $0.62 | Rake $0.03 
Board [4s 6s 9d Jc Js]
Seat 1: CrownRoyalFTW folded before Flop (didn't bet)
Seat 2: thumbsoff folded before Flop (didn't bet)
Seat 3: 519Grinder24/7 (button) collected ($0.59)
Seat 4: Apostol108 (small blind) folded before Flop
Seat 6: manos1010 (big blind) folded on the River
Seat 7: Dorex2007 folded before Flop (didn't bet)
Seat 8: Matheus_Adv folded before Flop (didn't bet)
Seat 9: boarddiver folded before Flop (didn't bet)



PokerStars Hand #238504389899:  Hold'em No Limit ($0.02/$0.05 USD) - 2022/09/08 15:09:34 PT [2022/09/08 18:09:34 ET]
Table 'Aurelia II' 9-max Seat #4 is the button
Seat 1: CrownRoyalFTW ($5 in chips) 
Seat 2: thumbsoff ($5.24 in chips) 
Seat 3: 519Grinder24/7 ($6.40 in chips) 
Seat 4: Apostol108 ($6.82 in chips) 
Seat 6: manos1010 ($3.65 in chips) 
Seat 7: Dorex2007 ($5.37 in chips) 
Seat 8: Matheus_Adv ($5.35 in chips) 
Seat 9: boarddiver ($5.52 in chips) 
manos1010: posts small blind $0.02
Dorex2007: posts big blind $0.05
*** HOLE CARDS ***
Dealt to Dorex2007 [4h 9s]
Matheus_Adv: raises $0.10 to $0.15
boarddiver: folds 
CrownRoyalFTW: folds 
thumbsoff: folds 
519Grinder24/7: calls $0.15
Apostol108: folds 
manos1010: folds 
Dorex2007: folds 
*** FLOP *** [Tc 4s Jd]
APoneTony is disconnected 
Matheus_Adv: checks 
519Grinder24/7: bets $0.25
Matheus_Adv: calls $0.25
*** TURN *** [Tc 4s Jd] [Ks]
Matheus_Adv: checks 
519Grinder24/7: bets $0.55
Matheus_Adv: calls $0.55
*** RIVER *** [Tc 4s Jd Ks] [Qh]
Matheus_Adv: bets $1.90
519Grinder24/7: folds 
Uncalled bet ($1.90) returned to Matheus_Adv
Matheus_Adv collected $1.89 from pot
Matheus_Adv: doesn't show hand 
*** SUMMARY ***
Total pot $1.97 | Rake $0.08 
Board [Tc 4s Jd Ks Qh]
Seat 1: CrownRoyalFTW folded before Flop (didn't bet)
Seat 2: thumbsoff folded before Flop (didn't bet)
Seat 3: 519Grinder24/7 folded on the River
Seat 4: Apostol108 (button) folded before Flop (didn't bet)
Seat 6: manos1010 (small blind) folded before Flop
Seat 7: Dorex2007 (big blind) folded before Flop
Seat 8: Matheus_Adv collected ($1.89)
Seat 9: boarddiver folded before Flop (didn't bet)



PokerStars Hand #238504411359:  Hold'em No Limit ($0.02/$0.05 USD) - 2022/09/08 15:10:34 PT [2022/09/08 18:10:34 ET]
Table 'Aurelia II' 9-max Seat #6 is the button
Seat 1: CrownRoyalFTW ($5 in chips) 
Seat 2: thumbsoff ($5.24 in chips) 
Seat 3: 519Grinder24/7 ($5.45 in chips) 
Seat 4: Apostol108 ($6.82 in chips) 
Seat 6: manos1010 ($3.63 in chips) 
Seat 7: Dorex2007 ($5.32 in chips) 
Seat 8: Matheus_Adv ($6.29 in chips) 
Seat 9: boarddiver ($5.52 in chips) 
Dorex2007: posts small blind $0.02
Matheus_Adv: posts big blind $0.05
APoneTony: sits out 
*** HOLE CARDS ***
Dealt to Dorex2007 [3d 6h]
boarddiver: folds 
CrownRoyalFTW: folds 
thumbsoff: folds 
519Grinder24/7: folds 
Apostol108: folds 
manos1010: raises $0.05 to $0.10
Dorex2007: folds 
Matheus_Adv: raises $0.15 to $0.25
manos1010: calls $0.15
*** FLOP *** [Jh 8h 5d]
Matheus_Adv: checks 
manos1010: bets $0.25
Matheus_Adv: calls $0.25
*** TURN *** [Jh 8h 5d] [2s]
Matheus_Adv: checks 
manos1010: bets $0.20
Matheus_Adv: calls $0.20
*** RIVER *** [Jh 8h 5d 2s] [9s]
Matheus_Adv: checks 
manos1010: checks 
*** SHOW DOWN ***
Matheus_Adv: shows [Kd As] (high card Ace)
manos1010: shows [6s 8s] (a pair of Eights)
manos1010 collected $1.36 from pot
*** SUMMARY ***
Total pot $1.42 | Rake $0.06 
Board [Jh 8h 5d 2s 9s]
Seat 1: CrownRoyalFTW folded before Flop (didn't bet)
Seat 2: thumbsoff folded before Flop (didn't bet)
Seat 3: 519Grinder24/7 folded before Flop (didn't bet)
Seat 4: Apostol108 folded before Flop (didn't bet)
Seat 6: manos1010 (button) showed [6s 8s] and won ($1.36) with a pair of Eights
Seat 7: Dorex2007 (small blind) folded before Flop
Seat 8: Matheus_Adv (big blind) showed [Kd As] and lost with high card Ace
Seat 9: boarddiver folded before Flop (didn't bet)



PokerStars Hand #238504431837:  Hold'em No Limit ($0.02/$0.05 USD) - 2022/09/08 15:11:33 PT [2022/09/08 18:11:33 ET]
Table 'Aurelia II' 9-max Seat #7 is the button
Seat 1: CrownRoyalFTW ($5 in chips) 
Seat 2: thumbsoff ($5.24 in chips) 
Seat 3: 519Grinder24/7 ($5.45 in chips) 
Seat 4: Apostol108 ($6.82 in chips) 
Seat 6: manos1010 ($4.29 in chips) 
Seat 7: Dorex2007 ($5.30 in chips) 
Seat 8: Matheus_Adv ($5.59 in chips) 
Seat 9: boarddiver ($5.52 in chips) 
Matheus_Adv: posts small blind $0.02
boarddiver: posts big blind $0.05
APoneTony: sits out 
*** HOLE CARDS ***
Dealt to Dorex2007 [Qc 4s]
CrownRoyalFTW: folds 
thumbsoff: folds 
519Grinder24/7: calls $0.05
Apostol108: folds 
manos1010: folds 
Dorex2007: folds 
Matheus_Adv: calls $0.03
boarddiver: checks 
*** FLOP *** [7s 3d Ac]
Matheus_Adv: checks 
boarddiver: checks 
519Grinder24/7: bets $0.15
Matheus_Adv: calls $0.15
boarddiver: folds 
*** TURN *** [7s 3d Ac] [Tc]
Matheus_Adv: checks 
519Grinder24/7: checks 
*** RIVER *** [7s 3d Ac Tc] [3c]
Matheus_Adv: bets $0.25
519Grinder24/7: folds 
Uncalled bet ($0.25) returned to Matheus_Adv
Matheus_Adv collected $0.43 from pot
Matheus_Adv: doesn't show hand 
*** SUMMARY ***
Total pot $0.45 | Rake $0.02 
Board [7s 3d Ac Tc 3c]
Seat 1: CrownRoyalFTW folded before Flop (didn't bet)
Seat 2: thumbsoff folded before Flop (didn't bet)
Seat 3: 519Grinder24/7 folded on the River
Seat 4: Apostol108 folded before Flop (didn't bet)
Seat 6: manos1010 folded before Flop (didn't bet)
Seat 7: Dorex2007 (button) folded before Flop (didn't bet)
Seat 8: Matheus_Adv (small blind) collected ($0.43)
Seat 9: boarddiver (big blind) folded on the Flop



PokerStars Hand #238504452555:  Hold'em No Limit ($0.02/$0.05 USD) - 2022/09/08 15:12:31 PT [2022/09/08 18:12:31 ET]
Table 'Aurelia II' 9-max Seat #8 is the button
Seat 1: CrownRoyalFTW ($5 in chips) 
Seat 2: thumbsoff ($5.24 in chips) 
Seat 3: 519Grinder24/7 ($5.25 in chips) 
Seat 4: Apostol108 ($6.82 in chips) 
Seat 6: manos1010 ($4.29 in chips) 
Seat 7: Dorex2007 ($5.30 in chips) 
Seat 8: Matheus_Adv ($5.82 in chips) 
Seat 9: boarddiver ($5.47 in chips) 
boarddiver: posts small blind $0.02
CrownRoyalFTW: posts big blind $0.05
APoneTony: sits out 
*** HOLE CARDS ***
Dealt to Dorex2007 [2d Qc]
thumbsoff: folds 
519Grinder24/7: folds 
Apostol108: folds 
manos1010: folds 
Dorex2007: folds 
Matheus_Adv: folds 
boarddiver: folds 
Uncalled bet ($0.03) returned to CrownRoyalFTW
CrownRoyalFTW collected $0.04 from pot
CrownRoyalFTW: doesn't show hand 
*** SUMMARY ***
Total pot $0.04 | Rake $0 
Seat 1: CrownRoyalFTW (big blind) collected ($0.04)
Seat 2: thumbsoff folded before Flop (didn't bet)
Seat 3: 519Grinder24/7 folded before Flop (didn't bet)
Seat 4: Apostol108 folded before Flop (didn't bet)
Seat 6: manos1010 folded before Flop (didn't bet)
Seat 7: Dorex2007 folded before Flop (didn't bet)
Seat 8: Matheus_Adv (button) folded before Flop (didn't bet)
Seat 9: boarddiver (small blind) folded before Flop



PokerStars Hand #238504457481:  Hold'em No Limit ($0.02/$0.05 USD) - 2022/09/08 15:12:45 PT [2022/09/08 18:12:45 ET]
Table 'Aurelia II' 9-max Seat #9 is the button
Seat 1: CrownRoyalFTW ($5.02 in chips) 
Seat 2: thumbsoff ($5.24 in chips) 
Seat 3: 519Grinder24/7 ($5.25 in chips) 
Seat 4: Apostol108 ($6.82 in chips) 
Seat 6: manos1010 ($4.29 in chips) 
Seat 7: Dorex2007 ($5.30 in chips) 
Seat 8: Matheus_Adv ($5.82 in chips) 
Seat 9: boarddiver ($5.45 in chips) 
CrownRoyalFTW: posts small blind $0.02
thumbsoff: posts big blind $0.05
APoneTony: sits out 
*** HOLE CARDS ***
Dealt to Dorex2007 [Tc 4d]
519Grinder24/7: folds 
Apostol108: raises $0.10 to $0.15
manos1010: folds 
Dorex2007: folds 
Matheus_Adv: folds 
boarddiver: calls $0.15
CrownRoyalFTW: folds 
thumbsoff: folds 
*** FLOP *** [2h 9h Js]
Apostol108: bets $0.17
boarddiver: calls $0.17
*** TURN *** [2h 9h Js] [5c]
Apostol108: checks 
boarddiver: checks 
*** RIVER *** [2h 9h Js 5c] [Kc]
Apostol108: checks 
boarddiver: bets $0.34
Apostol108: folds 
Uncalled bet ($0.34) returned to boarddiver
boarddiver collected $0.68 from pot
boarddiver: doesn't show hand 
*** SUMMARY ***
Total pot $0.71 | Rake $0.03 
Board [2h 9h Js 5c Kc]
Seat 1: CrownRoyalFTW (small blind) folded before Flop
Seat 2: thumbsoff (big blind) folded before Flop
Seat 3: 519Grinder24/7 folded before Flop (didn't bet)
Seat 4: Apostol108 folded on the River
Seat 6: manos1010 folded before Flop (didn't bet)
Seat 7: Dorex2007 folded before Flop (didn't bet)
Seat 8: Matheus_Adv folded before Flop (didn't bet)
Seat 9: boarddiver (button) collected ($0.68)



PokerStars Hand #238504481750:  Hold'em No Limit ($0.02/$0.05 USD) - 2022/09/08 15:13:55 PT [2022/09/08 18:13:55 ET]
Table 'Aurelia II' 9-max Seat #1 is the button
Seat 1: CrownRoyalFTW ($5 in chips) 
Seat 2: thumbsoff ($5.19 in chips) 
Seat 3: 519Grinder24/7 ($5.25 in chips) 
Seat 4: Apostol108 ($6.50 in chips) 
Seat 6: manos1010 ($4.29 in chips) 
Seat 7: Dorex2007 ($5.30 in chips) 
Seat 8: Matheus_Adv ($5.82 in chips) 
Seat 9: boarddiver ($5.81 in chips) 
thumbsoff: posts small blind $0.02
519Grinder24/7: posts big blind $0.05
APoneTony: sits out 
*** HOLE CARDS ***
Dealt to Dorex2007 [Kh Qh]
Apostol108: folds 
manos1010: folds 
Dorex2007: raises $0.10 to $0.15
Matheus_Adv: folds 
boarddiver: calls $0.15
CrownRoyalFTW: folds 
thumbsoff: folds 
519Grinder24/7: calls $0.10
*** FLOP *** [7s Ah 5d]
519Grinder24/7: checks 
Dorex2007: checks 
boarddiver: checks 
*** TURN *** [7s Ah 5d] [9h]
519Grinder24/7: checks 
Dorex2007: checks 
boarddiver: bets $0.22
519Grinder24/7: calls $0.22
Dorex2007: calls $0.22
*** RIVER *** [7s Ah 5d 9h] [Qs]
519Grinder24/7: checks 
Dorex2007: checks 
boarddiver: bets $1.08
519Grinder24/7: folds 
Dorex2007: folds 
Uncalled bet ($1.08) returned to boarddiver
boarddiver collected $1.08 from pot
boarddiver: doesn't show hand 
*** SUMMARY ***
Total pot $1.13 | Rake $0.05 
Board [7s Ah 5d 9h Qs]
Seat 1: CrownRoyalFTW (button) folded before Flop (didn't bet)
Seat 2: thumbsoff (small blind) folded before Flop
Seat 3: 519Grinder24/7 (big blind) folded on the River
Seat 4: Apostol108 folded before Flop (didn't bet)
Seat 6: manos1010 folded before Flop (didn't bet)
Seat 7: Dorex2007 folded on the River
Seat 8: Matheus_Adv folded before Flop (didn't bet)
Seat 9: boarddiver collected ($1.08)



PokerStars Hand #238504509891:  Hold'em No Limit ($0.02/$0.05 USD) - 2022/09/08 15:15:14 PT [2022/09/08 18:15:14 ET]
Table 'Aurelia II' 9-max Seat #2 is the button
Seat 1: CrownRoyalFTW ($5 in chips) 
Seat 2: thumbsoff ($5.17 in chips) 
Seat 3: 519Grinder24/7 ($4.88 in chips) 
Seat 4: Apostol108 ($6.50 in chips) 
Seat 6: manos1010 ($4.29 in chips) 
Seat 7: Dorex2007 ($5 in chips) 
Seat 8: Matheus_Adv ($5.82 in chips) 
Seat 9: boarddiver ($6.52 in chips) 
519Grinder24/7: posts small blind $0.02
Apostol108: posts big blind $0.05
APoneTony: sits out 
*** HOLE CARDS ***
Dealt to Dorex2007 [2d 5d]
manos1010: folds 
Dorex2007: folds 
Matheus_Adv: folds 
boarddiver: folds 
CrownRoyalFTW: folds 
thumbsoff: raises $0.10 to $0.15
519Grinder24/7: calls $0.13
Apostol108: raises $0.41 to $0.56
thumbsoff: folds 
519Grinder24/7: folds 
Uncalled bet ($0.41) returned to Apostol108
Apostol108 collected $0.45 from pot
Apostol108: doesn't show hand 
*** SUMMARY ***
Total pot $0.45 | Rake $0 
Seat 1: CrownRoyalFTW folded before Flop (didn't bet)
Seat 2: thumbsoff (button) folded before Flop
Seat 3: 519Grinder24/7 (small blind) folded before Flop
Seat 4: Apostol108 (big blind) collected ($0.45)
Seat 6: manos1010 folded before Flop (didn't bet)
Seat 7: Dorex2007 folded before Flop (didn't bet)
Seat 8: Matheus_Adv folded before Flop (didn't bet)
Seat 9: boarddiver folded before Flop (didn't bet)



PokerStars Hand #238504518820:  Hold'em No Limit ($0.02/$0.05 USD) - 2022/09/08 15:15:40 PT [2022/09/08 18:15:40 ET]
Table 'Aurelia II' 9-max Seat #3 is the button
Seat 1: CrownRoyalFTW ($5 in chips) 
Seat 2: thumbsoff ($5.02 in chips) 
Seat 3: 519Grinder24/7 ($4.73 in chips) 
Seat 4: Apostol108 ($6.80 in chips) 
Seat 5: APoneTony ($5 in chips) 
Seat 6: manos1010 ($4.29 in chips) 
Seat 7: Dorex2007 ($5 in chips) 
Seat 8: Matheus_Adv ($5.82 in chips) 
Seat 9: boarddiver ($6.52 in chips) 
Apostol108: posts small blind $0.02
APoneTony: posts big blind $0.05
*** HOLE CARDS ***
Dealt to Dorex2007 [Ah 3d]
manos1010: folds 
manos1010 leaves the table
Dorex2007: folds 
Matheus_Adv: raises $0.10 to $0.15
boarddiver: folds 
CrownRoyalFTW: folds 
thumbsoff: folds 
519Grinder24/7: folds 
Apostol108: folds 
APoneTony: folds 
Uncalled bet ($0.10) returned to Matheus_Adv
Matheus_Adv collected $0.12 from pot
Matheus_Adv: doesn't show hand 
*** SUMMARY ***
Total pot $0.12 | Rake $0 
Seat 1: CrownRoyalFTW folded before Flop (didn't bet)
Seat 2: thumbsoff folded before Flop (didn't bet)
Seat 3: 519Grinder24/7 (button) folded before Flop (didn't bet)
Seat 4: Apostol108 (small blind) folded before Flop
Seat 5: APoneTony (big blind) folded before Flop
Seat 6: manos1010 folded before Flop (didn't bet)
Seat 7: Dorex2007 folded before Flop (didn't bet)
Seat 8: Matheus_Adv collected ($0.12)
Seat 9: boarddiver folded before Flop (didn't bet)



PokerStars Hand #238504535209:  Hold'em No Limit ($0.02/$0.05 USD) - 2022/09/08 15:16:27 PT [2022/09/08 18:16:27 ET]
Table 'Aurelia II' 9-max Seat #4 is the button
Seat 1: CrownRoyalFTW ($5 in chips) 
Seat 2: thumbsoff ($5.02 in chips) 
Seat 4: Apostol108 ($6.78 in chips) 
Seat 5: APoneTony ($4.95 in chips) 
Seat 7: Dorex2007 ($5 in chips) 
Seat 8: Matheus_Adv ($5.89 in chips) 
Seat 9: boarddiver ($6.52 in chips) 
APoneTony: posts small blind $0.02
Dorex2007: posts big blind $0.05
*** HOLE CARDS ***
Dealt to Dorex2007 [9h 5c]
jaydude66 joins the table at seat #6 
Matheus_Adv: folds 
boarddiver: folds 
CrownRoyalFTW: folds 
thumbsoff: folds 
Apostol108: folds 
APoneTony: folds 
Uncalled bet ($0.03) returned to Dorex2007
Dorex2007 collected $0.04 from pot
Dorex2007: doesn't show hand 
*** SUMMARY ***
Total pot $0.04 | Rake $0 
Seat 1: CrownRoyalFTW folded before Flop (didn't bet)
Seat 2: thumbsoff folded before Flop (didn't bet)
Seat 4: Apostol108 (button) folded before Flop (didn't bet)
Seat 5: APoneTony (small blind) folded before Flop
Seat 7: Dorex2007 (big blind) collected ($0.04)
Seat 8: Matheus_Adv folded before Flop (didn't bet)
Seat 9: boarddiver folded before Flop (didn't bet)



PokerStars Hand #238504539124:  Hold'em No Limit ($0.02/$0.05 USD) - 2022/09/08 15:16:38 PT [2022/09/08 18:16:38 ET]
Table 'Aurelia II' 9-max Seat #5 is the button
Seat 1: CrownRoyalFTW ($5 in chips) 
Seat 2: thumbsoff ($5.02 in chips) 
Seat 4: Apostol108 ($6.78 in chips) 
Seat 5: APoneTony ($4.93 in chips) 
Seat 7: Dorex2007 ($5.02 in chips) 
Seat 8: Matheus_Adv ($5.89 in chips) 
Seat 9: boarddiver ($6.52 in chips) 
Dorex2007: posts small blind $0.02
Matheus_Adv: posts big blind $0.05
*** HOLE CARDS ***
Dealt to Dorex2007 [Jh 6d]
boarddiver: folds 
CrownRoyalFTW: folds 
thumbsoff: folds 
Apostol108: raises $0.10 to $0.15
APoneTony: calls $0.15
Dorex2007: folds 
Matheus_Adv: calls $0.10
*** FLOP *** [9d 3c 9c]
Matheus_Adv: checks 
Apostol108: checks 
APoneTony: bets $0.22
Matheus_Adv: calls $0.22
Apostol108: folds 
*** TURN *** [9d 3c 9c] [5s]
Matheus_Adv: checks 
APoneTony: bets $0.43
Matheus_Adv: calls $0.43
*** RIVER *** [9d 3c 9c 5s] [2c]
Matheus_Adv: checks 
APoneTony: bets $4.13 and is all-in
Matheus_Adv: folds 
Uncalled bet ($4.13) returned to APoneTony
APoneTony collected $1.70 from pot
APoneTony: doesn't show hand 
*** SUMMARY ***
Total pot $1.77 | Rake $0.07 
Board [9d 3c 9c 5s 2c]
Seat 1: CrownRoyalFTW folded before Flop (didn't bet)
Seat 2: thumbsoff folded before Flop (didn't bet)
Seat 4: Apostol108 folded on the Flop
Seat 5: APoneTony (button) collected ($1.70)
Seat 7: Dorex2007 (small blind) folded before Flop
Seat 8: Matheus_Adv (big blind) folded on the River
Seat 9: boarddiver folded before Flop (didn't bet)



PokerStars Hand #238504560292:  Hold'em No Limit ($0.02/$0.05 USD) - 2022/09/08 15:17:39 PT [2022/09/08 18:17:39 ET]
Table 'Aurelia II' 9-max Seat #7 is the button
Seat 1: CrownRoyalFTW ($5 in chips) 
Seat 2: thumbsoff ($5.02 in chips) 
Seat 4: Apostol108 ($6.63 in chips) 
Seat 5: APoneTony ($5.83 in chips) 
Seat 6: jaydude66 ($5 in chips) 
Seat 7: Dorex2007 ($5 in chips) 
Seat 8: Matheus_Adv ($5.09 in chips) 
Seat 9: boarddiver ($6.52 in chips) 
Matheus_Adv: posts small blind $0.02
boarddiver: posts big blind $0.05
jaydude66: posts big blind $0.05
*** HOLE CARDS ***
Dealt to Dorex2007 [4s 3s]
CrownRoyalFTW: folds 
thumbsoff: folds 
Apostol108: folds 
APoneTony: raises $0.10 to $0.15
jaydude66: folds 
Dorex2007: folds 
Matheus_Adv: folds 
boarddiver: folds 
Uncalled bet ($0.10) returned to APoneTony
APoneTony collected $0.17 from pot
APoneTony: doesn't show hand 
*** SUMMARY ***
Total pot $0.17 | Rake $0 
Seat 1: CrownRoyalFTW folded before Flop (didn't bet)
Seat 2: thumbsoff folded before Flop (didn't bet)
Seat 4: Apostol108 folded before Flop (didn't bet)
Seat 5: APoneTony collected ($0.17)
Seat 6: jaydude66 folded before Flop (didn't bet)
Seat 7: Dorex2007 (button) folded before Flop (didn't bet)
Seat 8: Matheus_Adv (small blind) folded before Flop
Seat 9: boarddiver (big blind) folded before Flop



PokerStars Hand #238504570784:  Hold'em No Limit ($0.02/$0.05 USD) - 2022/09/08 15:18:09 PT [2022/09/08 18:18:09 ET]
Table 'Aurelia II' 9-max Seat #8 is the button
Seat 1: CrownRoyalFTW ($5 in chips) 
Seat 2: thumbsoff ($5.02 in chips) 
Seat 4: Apostol108 ($6.63 in chips) 
Seat 5: APoneTony ($5.95 in chips) 
Seat 6: jaydude66 ($4.95 in chips) 
Seat 7: Dorex2007 ($5 in chips) 
Seat 8: Matheus_Adv ($5.07 in chips) 
Seat 9: boarddiver ($6.47 in chips) 
boarddiver: posts small blind $0.02
CrownRoyalFTW: posts big blind $0.05
*** HOLE CARDS ***
Dealt to Dorex2007 [Js 9s]
thumbsoff: folds 
Apostol108: folds 
APoneTony: folds 
jaydude66: folds 
Dorex2007: folds 
Matheus_Adv: folds 
boarddiver: folds 
Uncalled bet ($0.03) returned to CrownRoyalFTW
CrownRoyalFTW collected $0.04 from pot
CrownRoyalFTW: doesn't show hand 
*** SUMMARY ***
Total pot $0.04 | Rake $0 
Seat 1: CrownRoyalFTW (big blind) collected ($0.04)
Seat 2: thumbsoff folded before Flop (didn't bet)
Seat 4: Apostol108 folded before Flop (didn't bet)
Seat 5: APoneTony folded before Flop (didn't bet)
Seat 6: jaydude66 folded before Flop (didn't bet)
Seat 7: Dorex2007 folded before Flop (didn't bet)
Seat 8: Matheus_Adv (button) folded before Flop (didn't bet)
Seat 9: boarddiver (small blind) folded before Flop



PokerStars Hand #238504575943:  Hold'em No Limit ($0.02/$0.05 USD) - 2022/09/08 15:18:23 PT [2022/09/08 18:18:23 ET]
Table 'Aurelia II' 9-max Seat #9 is the button
Seat 1: CrownRoyalFTW ($5.02 in chips) 
Seat 2: thumbsoff ($5.02 in chips) 
Seat 4: Apostol108 ($6.63 in chips) 
Seat 5: APoneTony ($5.95 in chips) 
Seat 6: jaydude66 ($4.95 in chips) 
Seat 7: Dorex2007 ($5 in chips) 
Seat 8: Matheus_Adv ($5.07 in chips) 
Seat 9: boarddiver ($6.45 in chips) 
CrownRoyalFTW: posts small blind $0.02
thumbsoff: posts big blind $0.05
*** HOLE CARDS ***
Dealt to Dorex2007 [Js Qs]
Apostol108: raises $0.10 to $0.15
APoneTony has timed out
APoneTony: folds 
jaydude66: folds 
Dorex2007: calls $0.15
Matheus_Adv: calls $0.15
boarddiver: folds 
CrownRoyalFTW: raises $0.50 to $0.65
thumbsoff: folds 
Apostol108: folds 
Dorex2007: folds 
Matheus_Adv: folds 
Uncalled bet ($0.50) returned to CrownRoyalFTW
CrownRoyalFTW collected $0.65 from pot
CrownRoyalFTW: doesn't show hand 
*** SUMMARY ***
Total pot $0.65 | Rake $0 
Seat 1: CrownRoyalFTW (small blind) collected ($0.65)
Seat 2: thumbsoff (big blind) folded before Flop
Seat 4: Apostol108 folded before Flop
Seat 5: APoneTony folded before Flop (didn't bet)
Seat 6: jaydude66 folded before Flop (didn't bet)
Seat 7: Dorex2007 folded before Flop
Seat 8: Matheus_Adv folded before Flop
Seat 9: boarddiver (button) folded before Flop (didn't bet)



PokerStars Hand #238504594465:  Hold'em No Limit ($0.02/$0.05 USD) - 2022/09/08 15:19:17 PT [2022/09/08 18:19:17 ET]
Table 'Aurelia II' 9-max Seat #1 is the button
Seat 1: CrownRoyalFTW ($5.52 in chips) 
Seat 2: thumbsoff ($5 in chips) 
Seat 4: Apostol108 ($6.48 in chips) 
Seat 5: APoneTony ($5.95 in chips) 
Seat 6: jaydude66 ($4.95 in chips) 
Seat 7: Dorex2007 ($5 in chips) 
Seat 8: Matheus_Adv ($4.92 in chips) 
Seat 9: boarddiver ($6.45 in chips) 
thumbsoff: posts small blind $0.02
Apostol108: posts big blind $0.05
*** HOLE CARDS ***
Dealt to Dorex2007 [3h 9d]
APoneTony has timed out
APoneTony: folds 
jaydude66: folds 
Dorex2007: folds 
Matheus_Adv: folds 
boarddiver: folds 
CrownRoyalFTW: raises $0.10 to $0.15
thumbsoff: folds 
Apostol108: folds 
Uncalled bet ($0.10) returned to CrownRoyalFTW
CrownRoyalFTW collected $0.12 from pot
CrownRoyalFTW: doesn't show hand 
*** SUMMARY ***
Total pot $0.12 | Rake $0 
Seat 1: CrownRoyalFTW (button) collected ($0.12)
Seat 2: thumbsoff (small blind) folded before Flop
Seat 4: Apostol108 (big blind) folded before Flop
Seat 5: APoneTony folded before Flop (didn't bet)
Seat 6: jaydude66 folded before Flop (didn't bet)
Seat 7: Dorex2007 folded before Flop (didn't bet)
Seat 8: Matheus_Adv folded before Flop (didn't bet)
Seat 9: boarddiver folded before Flop (didn't bet)



PokerStars Hand #238504603438:  Hold'em No Limit ($0.02/$0.05 USD) - 2022/09/08 15:19:43 PT [2022/09/08 18:19:43 ET]
Table 'Aurelia II' 9-max Seat #2 is the button
Seat 1: CrownRoyalFTW ($5.59 in chips) 
Seat 2: thumbsoff ($5 in chips) 
Seat 4: Apostol108 ($6.43 in chips) 
Seat 5: APoneTony ($5.95 in chips) 
Seat 6: jaydude66 ($4.95 in chips) 
Seat 7: Dorex2007 ($5 in chips) 
Seat 8: Matheus_Adv ($4.92 in chips) 
Seat 9: boarddiver ($6.45 in chips) 
Apostol108: posts small blind $0.02
APoneTony: posts big blind $0.05
*** HOLE CARDS ***
Dealt to Dorex2007 [9h 4h]
jaydude66: folds 
Dorex2007: folds 
Matheus_Adv: folds 
boarddiver: folds 
CrownRoyalFTW: raises $0.10 to $0.15
thumbsoff: folds 
Apostol108: calls $0.13
APoneTony: calls $0.10
*** FLOP *** [9d 6d Ah]
Apostol108: checks 
APoneTony: checks 
CrownRoyalFTW: bets $0.20
Apostol108: folds 
APoneTony: calls $0.20
*** TURN *** [9d 6d Ah] [2d]
APoneTony: checks 
CrownRoyalFTW: bets $0.80
APoneTony: folds 
Uncalled bet ($0.80) returned to CrownRoyalFTW
CrownRoyalFTW collected $0.81 from pot
CrownRoyalFTW: doesn't show hand 
*** SUMMARY ***
Total pot $0.85 | Rake $0.04 
Board [9d 6d Ah 2d]
Seat 1: CrownRoyalFTW collected ($0.81)
Seat 2: thumbsoff (button) folded before Flop (didn't bet)
Seat 4: Apostol108 (small blind) folded on the Flop
Seat 5: APoneTony (big blind) folded on the Turn
Seat 6: jaydude66 folded before Flop (didn't bet)
Seat 7: Dorex2007 folded before Flop (didn't bet)
Seat 8: Matheus_Adv folded before Flop (didn't bet)
Seat 9: boarddiver folded before Flop (didn't bet)



PokerStars Hand #238504628224:  Hold'em No Limit ($0.02/$0.05 USD) - 2022/09/08 15:20:55 PT [2022/09/08 18:20:55 ET]
Table 'Aurelia II' 9-max Seat #4 is the button
Seat 1: CrownRoyalFTW ($6.05 in chips) 
Seat 2: thumbsoff ($5 in chips) 
Seat 3: 519Grinder24/7 ($4.73 in chips) 
Seat 4: Apostol108 ($6.28 in chips) 
Seat 5: APoneTony ($5.60 in chips) 
Seat 6: jaydude66 ($4.95 in chips) 
Seat 7: Dorex2007 ($5 in chips) 
Seat 8: Matheus_Adv ($4.92 in chips) 
Seat 9: boarddiver ($6.45 in chips) 
APoneTony: posts small blind $0.02
jaydude66: posts big blind $0.05
519Grinder24/7: posts small & big blinds $0.07
*** HOLE CARDS ***
Dealt to Dorex2007 [5d 9h]
Dorex2007: folds 
Matheus_Adv: raises $0.10 to $0.15
boarddiver: folds 
CrownRoyalFTW: folds 
thumbsoff: folds 
519Grinder24/7: calls $0.10
Apostol108: folds 
APoneTony: calls $0.13
jaydude66: calls $0.10
*** FLOP *** [3c 6h 4d]
APoneTony: checks 
jaydude66: checks 
Matheus_Adv: checks 
519Grinder24/7: checks 
*** TURN *** [3c 6h 4d] [6d]
APoneTony: checks 
jaydude66: bets $0.05
Matheus_Adv: calls $0.05
519Grinder24/7: calls $0.05
APoneTony: calls $0.05
*** RIVER *** [3c 6h 4d 6d] [Jc]
APoneTony: checks 
jaydude66: bets $0.10
Matheus_Adv: folds 
519Grinder24/7: folds 
APoneTony: folds 
Uncalled bet ($0.10) returned to jaydude66
jaydude66 collected $0.79 from pot
*** SUMMARY ***
Total pot $0.82 | Rake $0.03 
Board [3c 6h 4d 6d Jc]
Seat 1: CrownRoyalFTW folded before Flop (didn't bet)
Seat 2: thumbsoff folded before Flop (didn't bet)
Seat 3: 519Grinder24/7 folded on the River
Seat 4: Apostol108 (button) folded before Flop (didn't bet)
Seat 5: APoneTony (small blind) folded on the River
Seat 6: jaydude66 (big blind) collected ($0.79)
Seat 7: Dorex2007 folded before Flop (didn't bet)
Seat 8: Matheus_Adv folded on the River
Seat 9: boarddiver folded before Flop (didn't bet)



