PokerStars Hand #238498172489:  Hold'em No Limit ($0.02/$0.05 USD) - 2022/09/08 11:04:39 PT [2022/09/08 14:04:39 ET]
Table 'Mizar II' 9-max Seat #9 is the button
Seat 1: tuckynerso ($4.31 in chips) 
Seat 2: mahspace ($7.99 in chips) 
Seat 3: hamiltonherm ($5.30 in chips) 
Seat 5: DrRaiseee ($5.79 in chips) 
Seat 6: GeorgianaBalan ($5.08 in chips) 
Seat 7: KOCETO_1992 ($5.17 in chips) 
Seat 8: Dorex2007 ($5 in chips) 
Seat 9: metinski_d ($5 in chips) 
tuckynerso: posts small blind $0.02
mahspace: posts big blind $0.05
Dorex2007: posts big blind $0.05
*** HOLE CARDS ***
Dealt to Dorex2007 [Kh Jh]
hamiltonherm: folds 
DrRaiseee: folds 
GeorgianaBalan: folds 
KOCETO_1992: folds 
Dorex2007: raises $0.10 to $0.15
metinski_d: folds 
tuckynerso: folds 
mahspace: folds 
Uncalled bet ($0.10) returned to Dorex2007
Dorex2007 collected $0.12 from pot
Dorex2007: doesn't show hand 
*** SUMMARY ***
Total pot $0.12 | Rake $0 
Seat 1: tuckynerso (small blind) folded before Flop
Seat 2: mahspace (big blind) folded before Flop
Seat 3: hamiltonherm folded before Flop (didn't bet)
Seat 5: DrRaiseee folded before Flop (didn't bet)
Seat 6: GeorgianaBalan folded before Flop (didn't bet)
Seat 7: KOCETO_1992 folded before Flop (didn't bet)
Seat 8: Dorex2007 collected ($0.12)
Seat 9: metinski_d (button) folded before Flop (didn't bet)



PokerStars Hand #238498178606:  Hold'em No Limit ($0.02/$0.05 USD) - 2022/09/08 11:04:55 PT [2022/09/08 14:04:55 ET]
Table 'Mizar II' 9-max Seat #1 is the button
Seat 1: tuckynerso ($4.29 in chips) 
Seat 2: mahspace ($7.94 in chips) 
Seat 3: hamiltonherm ($5.30 in chips) 
Seat 5: DrRaiseee ($5.79 in chips) 
Seat 6: GeorgianaBalan ($5.08 in chips) 
Seat 7: KOCETO_1992 ($5.17 in chips) 
Seat 8: Dorex2007 ($5.07 in chips) 
Seat 9: metinski_d ($5 in chips) 
mahspace: posts small blind $0.02
hamiltonherm: posts big blind $0.05
*** HOLE CARDS ***
Dealt to Dorex2007 [3c Th]
DrRaiseee: calls $0.05
GeorgianaBalan: folds 
KOCETO_1992: folds 
Dorex2007: folds 
metinski_d: folds 
tuckynerso: raises $0.15 to $0.20
mahspace: folds 
hamiltonherm: folds 
DrRaiseee: raises $0.47 to $0.67
tuckynerso: calls $0.47
*** FLOP *** [7c 9h Qs]
DrRaiseee: bets $0.55
tuckynerso: folds 
Uncalled bet ($0.55) returned to DrRaiseee
DrRaiseee collected $1.33 from pot
DrRaiseee: doesn't show hand 
*** SUMMARY ***
Total pot $1.41 | Rake $0.08 
Board [7c 9h Qs]
Seat 1: tuckynerso (button) folded on the Flop
Seat 2: mahspace (small blind) folded before Flop
Seat 3: hamiltonherm (big blind) folded before Flop
Seat 5: DrRaiseee collected ($1.33)
Seat 6: GeorgianaBalan folded before Flop (didn't bet)
Seat 7: KOCETO_1992 folded before Flop (didn't bet)
Seat 8: Dorex2007 folded before Flop (didn't bet)
Seat 9: metinski_d folded before Flop (didn't bet)



PokerStars Hand #238498194809:  Hold'em No Limit ($0.02/$0.05 USD) - 2022/09/08 11:05:40 PT [2022/09/08 14:05:40 ET]
Table 'Mizar II' 9-max Seat #2 is the button
Seat 1: tuckynerso ($3.62 in chips) 
Seat 2: mahspace ($7.92 in chips) 
Seat 3: hamiltonherm ($5.25 in chips) 
Seat 4: HSR1 ($4.25 in chips) 
Seat 5: DrRaiseee ($6.45 in chips) 
Seat 6: GeorgianaBalan ($5.08 in chips) 
Seat 7: KOCETO_1992 ($5.17 in chips) 
Seat 8: Dorex2007 ($5.07 in chips) 
Seat 9: metinski_d ($5 in chips) 
hamiltonherm: posts small blind $0.02
HSR1: posts big blind $0.05
*** HOLE CARDS ***
Dealt to Dorex2007 [5d Kc]
DrRaiseee: folds 
GeorgianaBalan: folds 
KOCETO_1992: folds 
Dorex2007: folds 
metinski_d: folds 
tuckynerso: raises $0.10 to $0.15
mahspace: raises $0.30 to $0.45
hamiltonherm: folds 
HSR1: calls $0.40
tuckynerso: calls $0.30
*** FLOP *** [9c Ts 5h]
HSR1: checks 
tuckynerso: checks 
mahspace: bets $0.79
HSR1: calls $0.79
tuckynerso: folds 
*** TURN *** [9c Ts 5h] [2h]
HSR1: checks 
mahspace: checks 
*** RIVER *** [9c Ts 5h 2h] [5s]
HSR1: checks 
mahspace: checks 
*** SHOW DOWN ***
HSR1: shows [Kd Ks] (two pair, Kings and Fives)
mahspace: mucks hand 
HSR1 collected $2.83 from pot
*** SUMMARY ***
Total pot $2.95 | Rake $0.12 
Board [9c Ts 5h 2h 5s]
Seat 1: tuckynerso folded on the Flop
Seat 2: mahspace (button) mucked [As Jd]
Seat 3: hamiltonherm (small blind) folded before Flop
Seat 4: HSR1 (big blind) showed [Kd Ks] and won ($2.83) with two pair, Kings and Fives
Seat 5: DrRaiseee folded before Flop (didn't bet)
Seat 6: GeorgianaBalan folded before Flop (didn't bet)
Seat 7: KOCETO_1992 folded before Flop (didn't bet)
Seat 8: Dorex2007 folded before Flop (didn't bet)
Seat 9: metinski_d folded before Flop (didn't bet)



PokerStars Hand #238498216472:  Hold'em No Limit ($0.02/$0.05 USD) - 2022/09/08 11:06:40 PT [2022/09/08 14:06:40 ET]
Table 'Mizar II' 9-max Seat #3 is the button
Seat 1: tuckynerso ($3.17 in chips) 
Seat 2: mahspace ($6.68 in chips) 
Seat 3: hamiltonherm ($5.23 in chips) 
Seat 4: HSR1 ($5.84 in chips) 
Seat 5: DrRaiseee ($6.45 in chips) 
Seat 6: GeorgianaBalan ($5.08 in chips) 
Seat 7: KOCETO_1992 ($5.17 in chips) 
Seat 8: Dorex2007 ($5.07 in chips) 
Seat 9: metinski_d ($5 in chips) 
HSR1: posts small blind $0.02
DrRaiseee: posts big blind $0.05
*** HOLE CARDS ***
Dealt to Dorex2007 [8d 4d]
GeorgianaBalan: folds 
KOCETO_1992: folds 
Dorex2007: folds 
metinski_d: folds 
tuckynerso: folds 
mahspace: folds 
hamiltonherm: folds 
HSR1: folds 
Uncalled bet ($0.03) returned to DrRaiseee
DrRaiseee collected $0.04 from pot
DrRaiseee: doesn't show hand 
*** SUMMARY ***
Total pot $0.04 | Rake $0 
Seat 1: tuckynerso folded before Flop (didn't bet)
Seat 2: mahspace folded before Flop (didn't bet)
Seat 3: hamiltonherm (button) folded before Flop (didn't bet)
Seat 4: HSR1 (small blind) folded before Flop
Seat 5: DrRaiseee (big blind) collected ($0.04)
Seat 6: GeorgianaBalan folded before Flop (didn't bet)
Seat 7: KOCETO_1992 folded before Flop (didn't bet)
Seat 8: Dorex2007 folded before Flop (didn't bet)
Seat 9: metinski_d folded before Flop (didn't bet)



PokerStars Hand #238498223860:  Hold'em No Limit ($0.02/$0.05 USD) - 2022/09/08 11:07:00 PT [2022/09/08 14:07:00 ET]
Table 'Mizar II' 9-max Seat #4 is the button
Seat 1: tuckynerso ($3.17 in chips) 
Seat 2: mahspace ($6.68 in chips) 
Seat 3: hamiltonherm ($5.23 in chips) 
Seat 4: HSR1 ($5.82 in chips) 
Seat 5: DrRaiseee ($6.47 in chips) 
Seat 6: GeorgianaBalan ($5.08 in chips) 
Seat 7: KOCETO_1992 ($5.17 in chips) 
Seat 8: Dorex2007 ($5.07 in chips) 
Seat 9: metinski_d ($5 in chips) 
DrRaiseee: posts small blind $0.02
GeorgianaBalan: posts big blind $0.05
*** HOLE CARDS ***
Dealt to Dorex2007 [2d 3c]
KOCETO_1992: folds 
Dorex2007: folds 
metinski_d: raises $0.10 to $0.15
tuckynerso: folds 
mahspace: folds 
hamiltonherm: folds 
HSR1: folds 
DrRaiseee: calls $0.13
GeorgianaBalan: raises $0.30 to $0.45
metinski_d: calls $0.30
DrRaiseee: folds 
*** FLOP *** [2h 5c 8s]
GeorgianaBalan: bets $4.63 and is all-in
metinski_d: folds 
Uncalled bet ($4.63) returned to GeorgianaBalan
GeorgianaBalan collected $1.01 from pot
*** SUMMARY ***
Total pot $1.05 | Rake $0.04 
Board [2h 5c 8s]
Seat 1: tuckynerso folded before Flop (didn't bet)
Seat 2: mahspace folded before Flop (didn't bet)
Seat 3: hamiltonherm folded before Flop (didn't bet)
Seat 4: HSR1 (button) folded before Flop (didn't bet)
Seat 5: DrRaiseee (small blind) folded before Flop
Seat 6: GeorgianaBalan (big blind) collected ($1.01)
Seat 7: KOCETO_1992 folded before Flop (didn't bet)
Seat 8: Dorex2007 folded before Flop (didn't bet)
Seat 9: metinski_d folded on the Flop



PokerStars Hand #238498244520:  Hold'em No Limit ($0.02/$0.05 USD) - 2022/09/08 11:07:57 PT [2022/09/08 14:07:57 ET]
Table 'Mizar II' 9-max Seat #5 is the button
Seat 1: tuckynerso ($3.17 in chips) 
Seat 2: mahspace ($6.68 in chips) 
Seat 3: hamiltonherm ($5.23 in chips) 
Seat 4: HSR1 ($5.82 in chips) 
Seat 5: DrRaiseee ($6.32 in chips) 
Seat 6: GeorgianaBalan ($5.64 in chips) 
Seat 7: KOCETO_1992 ($5.17 in chips) 
Seat 8: Dorex2007 ($5.07 in chips) 
Seat 9: metinski_d ($4.55 in chips) 
GeorgianaBalan: posts small blind $0.02
KOCETO_1992: posts big blind $0.05
*** HOLE CARDS ***
Dealt to Dorex2007 [Jh Jc]
Dorex2007: raises $0.20 to $0.25
metinski_d: folds 
tuckynerso: calls $0.25
mahspace: folds 
hamiltonherm: folds 
HSR1: folds 
DrRaiseee: folds 
GeorgianaBalan: folds 
KOCETO_1992: folds 
*** FLOP *** [3c 8s Qs]
Dorex2007: bets $0.55
tuckynerso: folds 
Uncalled bet ($0.55) returned to Dorex2007
Dorex2007 collected $0.55 from pot
Dorex2007: doesn't show hand 
*** SUMMARY ***
Total pot $0.57 | Rake $0.02 
Board [3c 8s Qs]
Seat 1: tuckynerso folded on the Flop
Seat 2: mahspace folded before Flop (didn't bet)
Seat 3: hamiltonherm folded before Flop (didn't bet)
Seat 4: HSR1 folded before Flop (didn't bet)
Seat 5: DrRaiseee (button) folded before Flop (didn't bet)
Seat 6: GeorgianaBalan (small blind) folded before Flop
Seat 7: KOCETO_1992 (big blind) folded before Flop
Seat 8: Dorex2007 collected ($0.55)
Seat 9: metinski_d folded before Flop (didn't bet)



PokerStars Hand #238498257843:  Hold'em No Limit ($0.02/$0.05 USD) - 2022/09/08 11:08:34 PT [2022/09/08 14:08:34 ET]
Table 'Mizar II' 9-max Seat #6 is the button
Seat 1: tuckynerso ($2.92 in chips) 
Seat 2: mahspace ($6.68 in chips) 
Seat 3: hamiltonherm ($5.23 in chips) 
Seat 4: HSR1 ($5.82 in chips) 
Seat 5: DrRaiseee ($6.32 in chips) 
Seat 6: GeorgianaBalan ($5.62 in chips) 
Seat 7: KOCETO_1992 ($5.12 in chips) 
Seat 8: Dorex2007 ($5.37 in chips) 
Seat 9: metinski_d ($5 in chips) 
KOCETO_1992: posts small blind $0.02
Dorex2007: posts big blind $0.05
*** HOLE CARDS ***
Dealt to Dorex2007 [5h 3s]
metinski_d: folds 
tuckynerso: raises $0.15 to $0.20
mahspace: folds 
hamiltonherm: folds 
HSR1: folds 
DrRaiseee: folds 
GeorgianaBalan: folds 
KOCETO_1992: folds 
Dorex2007: folds 
Uncalled bet ($0.15) returned to tuckynerso
tuckynerso collected $0.12 from pot
tuckynerso: doesn't show hand 
*** SUMMARY ***
Total pot $0.12 | Rake $0 
Seat 1: tuckynerso collected ($0.12)
Seat 2: mahspace folded before Flop (didn't bet)
Seat 3: hamiltonherm folded before Flop (didn't bet)
Seat 4: HSR1 folded before Flop (didn't bet)
Seat 5: DrRaiseee folded before Flop (didn't bet)
Seat 6: GeorgianaBalan (button) folded before Flop (didn't bet)
Seat 7: KOCETO_1992 (small blind) folded before Flop
Seat 8: Dorex2007 (big blind) folded before Flop
Seat 9: metinski_d folded before Flop (didn't bet)



PokerStars Hand #238498264535:  Hold'em No Limit ($0.02/$0.05 USD) - 2022/09/08 11:08:52 PT [2022/09/08 14:08:52 ET]
Table 'Mizar II' 9-max Seat #7 is the button
Seat 1: tuckynerso ($2.99 in chips) 
Seat 2: mahspace ($6.68 in chips) 
Seat 3: hamiltonherm ($5.23 in chips) 
Seat 4: HSR1 ($5.82 in chips) 
Seat 5: DrRaiseee ($6.32 in chips) 
Seat 6: GeorgianaBalan ($5.62 in chips) 
Seat 7: KOCETO_1992 ($5.10 in chips) 
Seat 8: Dorex2007 ($5.32 in chips) 
Seat 9: metinski_d ($5 in chips) 
Dorex2007: posts small blind $0.02
metinski_d: posts big blind $0.05
*** HOLE CARDS ***
Dealt to Dorex2007 [2d 8d]
tuckynerso: raises $0.10 to $0.15
mahspace: folds 
hamiltonherm: folds 
HSR1: folds 
DrRaiseee: calls $0.15
GeorgianaBalan: folds 
KOCETO_1992: folds 
Dorex2007: folds 
metinski_d: folds 
*** FLOP *** [Td Js Qc]
tuckynerso: bets $0.20
DrRaiseee: calls $0.20
*** TURN *** [Td Js Qc] [4h]
tuckynerso: bets $0.35
DrRaiseee: calls $0.35
*** RIVER *** [Td Js Qc 4h] [7d]
tuckynerso: bets $0.90
DrRaiseee: calls $0.90
*** SHOW DOWN ***
tuckynerso: shows [Ks 6s] (high card King)
DrRaiseee: shows [Kc Jh] (a pair of Jacks)
DrRaiseee collected $3.09 from pot
*** SUMMARY ***
Total pot $3.27 | Rake $0.18 
Board [Td Js Qc 4h 7d]
Seat 1: tuckynerso showed [Ks 6s] and lost with high card King
Seat 2: mahspace folded before Flop (didn't bet)
Seat 3: hamiltonherm folded before Flop (didn't bet)
Seat 4: HSR1 folded before Flop (didn't bet)
Seat 5: DrRaiseee showed [Kc Jh] and won ($3.09) with a pair of Jacks
Seat 6: GeorgianaBalan folded before Flop (didn't bet)
Seat 7: KOCETO_1992 (button) folded before Flop (didn't bet)
Seat 8: Dorex2007 (small blind) folded before Flop
Seat 9: metinski_d (big blind) folded before Flop



PokerStars Hand #238498289580:  Hold'em No Limit ($0.02/$0.05 USD) - 2022/09/08 11:10:01 PT [2022/09/08 14:10:01 ET]
Table 'Mizar II' 9-max Seat #8 is the button
Seat 1: tuckynerso ($1.39 in chips) 
Seat 2: mahspace ($6.68 in chips) 
Seat 3: hamiltonherm ($5.23 in chips) 
Seat 4: HSR1 ($5.82 in chips) 
Seat 5: DrRaiseee ($7.81 in chips) 
Seat 6: GeorgianaBalan ($5.62 in chips) 
Seat 7: KOCETO_1992 ($5.10 in chips) 
Seat 8: Dorex2007 ($5.30 in chips) 
Seat 9: metinski_d ($5 in chips) 
metinski_d: posts small blind $0.02
tuckynerso: posts big blind $0.05
*** HOLE CARDS ***
Dealt to Dorex2007 [9d Qd]
mahspace: folds 
hamiltonherm: folds 
HSR1: folds 
DrRaiseee: folds 
GeorgianaBalan: calls $0.05
KOCETO_1992: folds 
Dorex2007: folds 
metinski_d: raises $0.10 to $0.15
tuckynerso: calls $0.10
GeorgianaBalan: calls $0.10
*** FLOP *** [As Qh 7s]
metinski_d: bets $0.15
tuckynerso: folds 
GeorgianaBalan: folds 
Uncalled bet ($0.15) returned to metinski_d
metinski_d collected $0.43 from pot
metinski_d: doesn't show hand 
*** SUMMARY ***
Total pot $0.45 | Rake $0.02 
Board [As Qh 7s]
Seat 1: tuckynerso (big blind) folded on the Flop
Seat 2: mahspace folded before Flop (didn't bet)
Seat 3: hamiltonherm folded before Flop (didn't bet)
Seat 4: HSR1 folded before Flop (didn't bet)
Seat 5: DrRaiseee folded before Flop (didn't bet)
Seat 6: GeorgianaBalan folded on the Flop
Seat 7: KOCETO_1992 folded before Flop (didn't bet)
Seat 8: Dorex2007 (button) folded before Flop (didn't bet)
Seat 9: metinski_d (small blind) collected ($0.43)



PokerStars Hand #238498304820:  Hold'em No Limit ($0.02/$0.05 USD) - 2022/09/08 11:10:43 PT [2022/09/08 14:10:43 ET]
Table 'Mizar II' 9-max Seat #9 is the button
Seat 1: tuckynerso ($1.24 in chips) 
Seat 2: mahspace ($6.68 in chips) 
Seat 3: hamiltonherm ($5.23 in chips) 
Seat 4: HSR1 ($5.82 in chips) 
Seat 5: DrRaiseee ($7.81 in chips) 
Seat 6: GeorgianaBalan ($5.47 in chips) 
Seat 7: KOCETO_1992 ($5.10 in chips) 
Seat 8: Dorex2007 ($5.30 in chips) 
Seat 9: metinski_d ($5.28 in chips) 
tuckynerso: posts small blind $0.02
mahspace: posts big blind $0.05
*** HOLE CARDS ***
Dealt to Dorex2007 [9d Tc]
hamiltonherm: folds 
HSR1: folds 
DrRaiseee: folds 
GeorgianaBalan: folds 
KOCETO_1992: folds 
Dorex2007: folds 
metinski_d: raises $0.10 to $0.15
tuckynerso: raises $1.09 to $1.24 and is all-in
mahspace: folds 
metinski_d: folds 
Uncalled bet ($1.09) returned to tuckynerso
tuckynerso collected $0.35 from pot
tuckynerso: doesn't show hand 
*** SUMMARY ***
Total pot $0.35 | Rake $0 
Seat 1: tuckynerso (small blind) collected ($0.35)
Seat 2: mahspace (big blind) folded before Flop
Seat 3: hamiltonherm folded before Flop (didn't bet)
Seat 4: HSR1 folded before Flop (didn't bet)
Seat 5: DrRaiseee folded before Flop (didn't bet)
Seat 6: GeorgianaBalan folded before Flop (didn't bet)
Seat 7: KOCETO_1992 folded before Flop (didn't bet)
Seat 8: Dorex2007 folded before Flop (didn't bet)
Seat 9: metinski_d (button) folded before Flop



PokerStars Hand #238498319448:  Hold'em No Limit ($0.02/$0.05 USD) - 2022/09/08 11:11:23 PT [2022/09/08 14:11:23 ET]
Table 'Mizar II' 9-max Seat #1 is the button
Seat 1: tuckynerso ($1.44 in chips) 
Seat 2: mahspace ($6.63 in chips) 
Seat 3: hamiltonherm ($5.23 in chips) 
Seat 4: HSR1 ($5.82 in chips) 
Seat 5: DrRaiseee ($7.81 in chips) 
Seat 6: GeorgianaBalan ($5.47 in chips) 
Seat 7: KOCETO_1992 ($5.10 in chips) 
Seat 8: Dorex2007 ($5.30 in chips) 
Seat 9: metinski_d ($5.13 in chips) 
mahspace: posts small blind $0.02
hamiltonherm: posts big blind $0.05
*** HOLE CARDS ***
Dealt to Dorex2007 [Ah 2c]
HSR1: folds 
DrRaiseee: folds 
GeorgianaBalan: folds 
KOCETO_1992: folds 
Dorex2007: folds 
metinski_d: folds 
tuckynerso: raises $0.10 to $0.15
mahspace: folds 
hamiltonherm: folds 
Uncalled bet ($0.10) returned to tuckynerso
tuckynerso collected $0.12 from pot
tuckynerso: doesn't show hand 
*** SUMMARY ***
Total pot $0.12 | Rake $0 
Seat 1: tuckynerso (button) collected ($0.12)
Seat 2: mahspace (small blind) folded before Flop
Seat 3: hamiltonherm (big blind) folded before Flop
Seat 4: HSR1 folded before Flop (didn't bet)
Seat 5: DrRaiseee folded before Flop (didn't bet)
Seat 6: GeorgianaBalan folded before Flop (didn't bet)
Seat 7: KOCETO_1992 folded before Flop (didn't bet)
Seat 8: Dorex2007 folded before Flop (didn't bet)
Seat 9: metinski_d folded before Flop (didn't bet)



PokerStars Hand #238498327561:  Hold'em No Limit ($0.02/$0.05 USD) - 2022/09/08 11:11:46 PT [2022/09/08 14:11:46 ET]
Table 'Mizar II' 9-max Seat #2 is the button
Seat 1: tuckynerso ($1.51 in chips) 
Seat 2: mahspace ($6.61 in chips) 
Seat 3: hamiltonherm ($5.18 in chips) 
Seat 4: HSR1 ($5.82 in chips) 
Seat 5: DrRaiseee ($7.81 in chips) 
Seat 6: GeorgianaBalan ($5.47 in chips) 
Seat 7: KOCETO_1992 ($5.10 in chips) 
Seat 8: Dorex2007 ($5.30 in chips) 
Seat 9: metinski_d ($5.13 in chips) 
hamiltonherm: posts small blind $0.02
HSR1: posts big blind $0.05
*** HOLE CARDS ***
Dealt to Dorex2007 [4s 8c]
DrRaiseee: folds 
GeorgianaBalan: folds 
KOCETO_1992: folds 
Dorex2007: folds 
metinski_d: folds 
tuckynerso: raises $0.10 to $0.15
mahspace: folds 
hamiltonherm: folds 
HSR1: folds 
Uncalled bet ($0.10) returned to tuckynerso
tuckynerso collected $0.12 from pot
tuckynerso: doesn't show hand 
*** SUMMARY ***
Total pot $0.12 | Rake $0 
Seat 1: tuckynerso collected ($0.12)
Seat 2: mahspace (button) folded before Flop (didn't bet)
Seat 3: hamiltonherm (small blind) folded before Flop
Seat 4: HSR1 (big blind) folded before Flop
Seat 5: DrRaiseee folded before Flop (didn't bet)
Seat 6: GeorgianaBalan folded before Flop (didn't bet)
Seat 7: KOCETO_1992 folded before Flop (didn't bet)
Seat 8: Dorex2007 folded before Flop (didn't bet)
Seat 9: metinski_d folded before Flop (didn't bet)



PokerStars Hand #238498334801:  Hold'em No Limit ($0.02/$0.05 USD) - 2022/09/08 11:12:06 PT [2022/09/08 14:12:06 ET]
Table 'Mizar II' 9-max Seat #3 is the button
Seat 1: tuckynerso ($1.58 in chips) 
Seat 2: mahspace ($6.61 in chips) 
Seat 3: hamiltonherm ($5.16 in chips) 
Seat 4: HSR1 ($5.77 in chips) 
Seat 5: DrRaiseee ($7.81 in chips) 
Seat 6: GeorgianaBalan ($5.47 in chips) 
Seat 7: KOCETO_1992 ($5.10 in chips) 
Seat 8: Dorex2007 ($5.30 in chips) 
Seat 9: metinski_d ($5.13 in chips) 
HSR1: posts small blind $0.02
DrRaiseee: posts big blind $0.05
*** HOLE CARDS ***
Dealt to Dorex2007 [Kd Ac]
GeorgianaBalan: folds 
KOCETO_1992: folds 
Dorex2007: raises $0.10 to $0.15
metinski_d: folds 
tuckynerso: folds 
mahspace: folds 
hamiltonherm: folds 
HSR1: folds 
DrRaiseee: calls $0.10
*** FLOP *** [Qs Ks Jd]
DrRaiseee: bets $0.15
Dorex2007: raises $0.61 to $0.76
DrRaiseee: folds 
Uncalled bet ($0.61) returned to Dorex2007
Dorex2007 collected $0.59 from pot
Dorex2007: doesn't show hand 
*** SUMMARY ***
Total pot $0.62 | Rake $0.03 
Board [Qs Ks Jd]
Seat 1: tuckynerso folded before Flop (didn't bet)
Seat 2: mahspace folded before Flop (didn't bet)
Seat 3: hamiltonherm (button) folded before Flop (didn't bet)
Seat 4: HSR1 (small blind) folded before Flop
Seat 5: DrRaiseee (big blind) folded on the Flop
Seat 6: GeorgianaBalan folded before Flop (didn't bet)
Seat 7: KOCETO_1992 folded before Flop (didn't bet)
Seat 8: Dorex2007 collected ($0.59)
Seat 9: metinski_d folded before Flop (didn't bet)



PokerStars Hand #238498353882:  Hold'em No Limit ($0.02/$0.05 USD) - 2022/09/08 11:12:58 PT [2022/09/08 14:12:58 ET]
Table 'Mizar II' 9-max Seat #4 is the button
Seat 1: tuckynerso ($1.58 in chips) 
Seat 2: mahspace ($6.61 in chips) 
Seat 3: hamiltonherm ($5.16 in chips) 
Seat 4: HSR1 ($5.75 in chips) 
Seat 5: DrRaiseee ($7.51 in chips) 
Seat 6: GeorgianaBalan ($5.47 in chips) 
Seat 7: KOCETO_1992 ($5.10 in chips) 
Seat 8: Dorex2007 ($5.59 in chips) 
Seat 9: metinski_d ($5.13 in chips) 
DrRaiseee: posts small blind $0.02
GeorgianaBalan: posts big blind $0.05
*** HOLE CARDS ***
Dealt to Dorex2007 [7s 8d]
KOCETO_1992: folds 
Dorex2007: folds 
metinski_d: folds 
tuckynerso: folds 
mahspace: folds 
hamiltonherm: raises $0.10 to $0.15
HSR1: folds 
DrRaiseee: folds 
GeorgianaBalan: calls $0.10
*** FLOP *** [4s 5s Qd]
GeorgianaBalan: checks 
hamiltonherm: bets $0.15
GeorgianaBalan: calls $0.15
*** TURN *** [4s 5s Qd] [3c]
GeorgianaBalan: checks 
hamiltonherm: bets $0.29
GeorgianaBalan: calls $0.29
*** RIVER *** [4s 5s Qd 3c] [8c]
GeorgianaBalan: checks 
hamiltonherm: bets $0.62
GeorgianaBalan: folds 
Uncalled bet ($0.62) returned to hamiltonherm
hamiltonherm collected $1.15 from pot
*** SUMMARY ***
Total pot $1.20 | Rake $0.05 
Board [4s 5s Qd 3c 8c]
Seat 1: tuckynerso folded before Flop (didn't bet)
Seat 2: mahspace folded before Flop (didn't bet)
Seat 3: hamiltonherm collected ($1.15)
Seat 4: HSR1 (button) folded before Flop (didn't bet)
Seat 5: DrRaiseee (small blind) folded before Flop
Seat 6: GeorgianaBalan (big blind) folded on the River
Seat 7: KOCETO_1992 folded before Flop (didn't bet)
Seat 8: Dorex2007 folded before Flop (didn't bet)
Seat 9: metinski_d folded before Flop (didn't bet)



PokerStars Hand #238498372388:  Hold'em No Limit ($0.02/$0.05 USD) - 2022/09/08 11:13:48 PT [2022/09/08 14:13:48 ET]
Table 'Mizar II' 9-max Seat #5 is the button
Seat 1: tuckynerso ($1.58 in chips) 
Seat 2: mahspace ($6.61 in chips) 
Seat 3: hamiltonherm ($5.72 in chips) 
Seat 4: HSR1 ($5.75 in chips) 
Seat 5: DrRaiseee ($7.49 in chips) 
Seat 6: GeorgianaBalan ($4.88 in chips) 
Seat 7: KOCETO_1992 ($5.10 in chips) 
Seat 8: Dorex2007 ($5.59 in chips) 
Seat 9: metinski_d ($5.13 in chips) 
GeorgianaBalan: posts small blind $0.02
KOCETO_1992: posts big blind $0.05
*** HOLE CARDS ***
Dealt to Dorex2007 [7c Js]
Dorex2007: folds 
metinski_d: folds 
tuckynerso: folds 
mahspace: folds 
hamiltonherm: folds 
HSR1: raises $0.12 to $0.17
DrRaiseee: calls $0.17
GeorgianaBalan: folds 
KOCETO_1992: folds 
*** FLOP *** [3s Qd 5s]
tuckynerso leaves the table
HSR1: bets $0.19
DrRaiseee: folds 
Uncalled bet ($0.19) returned to HSR1
HSR1 collected $0.39 from pot
HSR1: doesn't show hand 
*** SUMMARY ***
Total pot $0.41 | Rake $0.02 
Board [3s Qd 5s]
Seat 1: tuckynerso folded before Flop (didn't bet)
Seat 2: mahspace folded before Flop (didn't bet)
Seat 3: hamiltonherm folded before Flop (didn't bet)
Seat 4: HSR1 collected ($0.39)
Seat 5: DrRaiseee (button) folded on the Flop
Seat 6: GeorgianaBalan (small blind) folded before Flop
Seat 7: KOCETO_1992 (big blind) folded before Flop
Seat 8: Dorex2007 folded before Flop (didn't bet)
Seat 9: metinski_d folded before Flop (didn't bet)



PokerStars Hand #238498384696:  Hold'em No Limit ($0.02/$0.05 USD) - 2022/09/08 11:14:21 PT [2022/09/08 14:14:21 ET]
Table 'Mizar II' 9-max Seat #6 is the button
Seat 2: mahspace ($6.61 in chips) 
Seat 3: hamiltonherm ($5.72 in chips) 
Seat 4: HSR1 ($5.97 in chips) 
Seat 5: DrRaiseee ($7.32 in chips) 
Seat 6: GeorgianaBalan ($4.86 in chips) 
Seat 7: KOCETO_1992 ($5.05 in chips) 
Seat 8: Dorex2007 ($5.59 in chips) 
Seat 9: metinski_d ($5.13 in chips) 
KOCETO_1992: posts small blind $0.02
Dorex2007: posts big blind $0.05
*** HOLE CARDS ***
Dealt to Dorex2007 [Jh Ts]
absfcknglyntley joins the table at seat #1 
metinski_d: folds 
mahspace: folds 
hamiltonherm: folds 
HSR1: folds 
DrRaiseee: raises $0.10 to $0.15
GeorgianaBalan: calls $0.15
KOCETO_1992: folds 
Dorex2007: folds 
*** FLOP *** [6h 4s 7h]
DrRaiseee: bets $0.15
GeorgianaBalan: raises $0.15 to $0.30
DrRaiseee: calls $0.15
*** TURN *** [6h 4s 7h] [Tc]
DrRaiseee: checks 
GeorgianaBalan: bets $0.30
DrRaiseee: calls $0.30
*** RIVER *** [6h 4s 7h Tc] [Ah]
DrRaiseee: checks 
GeorgianaBalan: checks 
*** SHOW DOWN ***
DrRaiseee: shows [5h 5c] (a pair of Fives)
GeorgianaBalan: shows [9d Th] (a pair of Tens)
GeorgianaBalan collected $1.50 from pot
*** SUMMARY ***
Total pot $1.57 | Rake $0.07 
Board [6h 4s 7h Tc Ah]
Seat 2: mahspace folded before Flop (didn't bet)
Seat 3: hamiltonherm folded before Flop (didn't bet)
Seat 4: HSR1 folded before Flop (didn't bet)
Seat 5: DrRaiseee showed [5h 5c] and lost with a pair of Fives
Seat 6: GeorgianaBalan (button) showed [9d Th] and won ($1.50) with a pair of Tens
Seat 7: KOCETO_1992 (small blind) folded before Flop
Seat 8: Dorex2007 (big blind) folded before Flop
Seat 9: metinski_d folded before Flop (didn't bet)



PokerStars Hand #238498410420:  Hold'em No Limit ($0.02/$0.05 USD) - 2022/09/08 11:15:31 PT [2022/09/08 14:15:31 ET]
Table 'Mizar II' 9-max Seat #7 is the button
Seat 2: mahspace ($6.61 in chips) 
Seat 3: hamiltonherm ($5.72 in chips) 
Seat 4: HSR1 ($5.97 in chips) 
Seat 5: DrRaiseee ($6.57 in chips) 
Seat 6: GeorgianaBalan ($5.61 in chips) 
Seat 7: KOCETO_1992 ($5.03 in chips) 
Seat 8: Dorex2007 ($5.54 in chips) 
Seat 9: metinski_d ($5.13 in chips) 
Dorex2007: posts small blind $0.02
metinski_d: posts big blind $0.05
absfcknglyntley: sits out 
*** HOLE CARDS ***
Dealt to Dorex2007 [Th 2c]
mahspace: folds 
hamiltonherm: folds 
HSR1: folds 
DrRaiseee: raises $0.10 to $0.15
GeorgianaBalan: folds 
KOCETO_1992: folds 
Dorex2007: folds 
metinski_d: folds 
Uncalled bet ($0.10) returned to DrRaiseee
DrRaiseee collected $0.12 from pot
DrRaiseee: doesn't show hand 
*** SUMMARY ***
Total pot $0.12 | Rake $0 
Seat 2: mahspace folded before Flop (didn't bet)
Seat 3: hamiltonherm folded before Flop (didn't bet)
Seat 4: HSR1 folded before Flop (didn't bet)
Seat 5: DrRaiseee collected ($0.12)
Seat 6: GeorgianaBalan folded before Flop (didn't bet)
Seat 7: KOCETO_1992 (button) folded before Flop (didn't bet)
Seat 8: Dorex2007 (small blind) folded before Flop
Seat 9: metinski_d (big blind) folded before Flop



PokerStars Hand #238498418677:  Hold'em No Limit ($0.02/$0.05 USD) - 2022/09/08 11:15:54 PT [2022/09/08 14:15:54 ET]
Table 'Mizar II' 9-max Seat #8 is the button
Seat 1: absfcknglyntley ($5.45 in chips) 
Seat 2: mahspace ($6.61 in chips) 
Seat 3: hamiltonherm ($5.72 in chips) 
Seat 4: HSR1 ($5.97 in chips) 
Seat 5: DrRaiseee ($6.64 in chips) 
Seat 6: GeorgianaBalan ($5.61 in chips) 
Seat 7: KOCETO_1992 ($5.03 in chips) 
Seat 8: Dorex2007 ($5.52 in chips) 
Seat 9: metinski_d ($5.08 in chips) 
metinski_d: posts small blind $0.02
absfcknglyntley: posts big blind $0.05
*** HOLE CARDS ***
Dealt to Dorex2007 [6h 8d]
mahspace: folds 
hamiltonherm: folds 
HSR1: folds 
DrRaiseee: raises $0.10 to $0.15
GeorgianaBalan: folds 
KOCETO_1992: folds 
Dorex2007: folds 
metinski_d: folds 
absfcknglyntley: folds 
Uncalled bet ($0.10) returned to DrRaiseee
DrRaiseee collected $0.12 from pot
DrRaiseee: doesn't show hand 
*** SUMMARY ***
Total pot $0.12 | Rake $0 
Seat 1: absfcknglyntley (big blind) folded before Flop
Seat 2: mahspace folded before Flop (didn't bet)
Seat 3: hamiltonherm folded before Flop (didn't bet)
Seat 4: HSR1 folded before Flop (didn't bet)
Seat 5: DrRaiseee collected ($0.12)
Seat 6: GeorgianaBalan folded before Flop (didn't bet)
Seat 7: KOCETO_1992 folded before Flop (didn't bet)
Seat 8: Dorex2007 (button) folded before Flop (didn't bet)
Seat 9: metinski_d (small blind) folded before Flop



PokerStars Hand #238498427861:  Hold'em No Limit ($0.02/$0.05 USD) - 2022/09/08 11:16:19 PT [2022/09/08 14:16:19 ET]
Table 'Mizar II' 9-max Seat #9 is the button
Seat 1: absfcknglyntley ($5.40 in chips) 
Seat 2: mahspace ($6.61 in chips) 
Seat 3: hamiltonherm ($5.72 in chips) 
Seat 4: HSR1 ($5.97 in chips) 
Seat 5: DrRaiseee ($6.71 in chips) 
Seat 6: GeorgianaBalan ($5.61 in chips) 
Seat 7: KOCETO_1992 ($5.03 in chips) 
Seat 8: Dorex2007 ($5.52 in chips) 
Seat 9: metinski_d ($5.06 in chips) 
absfcknglyntley: posts small blind $0.02
mahspace: posts big blind $0.05
*** HOLE CARDS ***
Dealt to Dorex2007 [3d 4s]
hamiltonherm: folds 
HSR1: folds 
DrRaiseee: folds 
GeorgianaBalan: folds 
KOCETO_1992: folds 
Dorex2007: folds 
metinski_d: folds 
absfcknglyntley: folds 
Uncalled bet ($0.03) returned to mahspace
mahspace collected $0.04 from pot
mahspace: doesn't show hand 
*** SUMMARY ***
Total pot $0.04 | Rake $0 
Seat 1: absfcknglyntley (small blind) folded before Flop
Seat 2: mahspace (big blind) collected ($0.04)
Seat 3: hamiltonherm folded before Flop (didn't bet)
Seat 4: HSR1 folded before Flop (didn't bet)
Seat 5: DrRaiseee folded before Flop (didn't bet)
Seat 6: GeorgianaBalan folded before Flop (didn't bet)
Seat 7: KOCETO_1992 folded before Flop (didn't bet)
Seat 8: Dorex2007 folded before Flop (didn't bet)
Seat 9: metinski_d (button) folded before Flop (didn't bet)



PokerStars Hand #238498433405:  Hold'em No Limit ($0.02/$0.05 USD) - 2022/09/08 11:16:34 PT [2022/09/08 14:16:34 ET]
Table 'Mizar II' 9-max Seat #1 is the button
Seat 1: absfcknglyntley ($5.38 in chips) 
Seat 2: mahspace ($6.63 in chips) 
Seat 3: hamiltonherm ($5.72 in chips) 
Seat 4: HSR1 ($5.97 in chips) 
Seat 5: DrRaiseee ($6.71 in chips) 
Seat 6: GeorgianaBalan ($5.61 in chips) 
Seat 7: KOCETO_1992 ($5.03 in chips) 
Seat 8: Dorex2007 ($5.52 in chips) 
Seat 9: metinski_d ($5.06 in chips) 
mahspace: posts small blind $0.02
hamiltonherm: posts big blind $0.05
*** HOLE CARDS ***
Dealt to Dorex2007 [3d 6d]
HSR1: folds 
DrRaiseee: folds 
GeorgianaBalan: folds 
KOCETO_1992: folds 
Dorex2007: folds 
metinski_d: folds 
absfcknglyntley: raises $0.07 to $0.12
mahspace: folds 
hamiltonherm: folds 
Uncalled bet ($0.07) returned to absfcknglyntley
absfcknglyntley collected $0.12 from pot
absfcknglyntley: doesn't show hand 
*** SUMMARY ***
Total pot $0.12 | Rake $0 
Seat 1: absfcknglyntley (button) collected ($0.12)
Seat 2: mahspace (small blind) folded before Flop
Seat 3: hamiltonherm (big blind) folded before Flop
Seat 4: HSR1 folded before Flop (didn't bet)
Seat 5: DrRaiseee folded before Flop (didn't bet)
Seat 6: GeorgianaBalan folded before Flop (didn't bet)
Seat 7: KOCETO_1992 folded before Flop (didn't bet)
Seat 8: Dorex2007 folded before Flop (didn't bet)
Seat 9: metinski_d folded before Flop (didn't bet)



PokerStars Hand #238498438551:  Hold'em No Limit ($0.02/$0.05 USD) - 2022/09/08 11:16:48 PT [2022/09/08 14:16:48 ET]
Table 'Mizar II' 9-max Seat #2 is the button
Seat 1: absfcknglyntley ($5.45 in chips) 
Seat 2: mahspace ($6.61 in chips) 
Seat 3: hamiltonherm ($5.67 in chips) 
Seat 4: HSR1 ($5.97 in chips) 
Seat 5: DrRaiseee ($6.71 in chips) 
Seat 6: GeorgianaBalan ($5.61 in chips) 
Seat 7: KOCETO_1992 ($5.03 in chips) 
Seat 8: Dorex2007 ($5.52 in chips) 
Seat 9: metinski_d ($5.06 in chips) 
hamiltonherm: posts small blind $0.02
HSR1: posts big blind $0.05
*** HOLE CARDS ***
Dealt to Dorex2007 [Kd 3s]
DrRaiseee: calls $0.05
GeorgianaBalan: folds 
KOCETO_1992: folds 
Dorex2007: folds 
metinski_d: raises $0.10 to $0.15
absfcknglyntley: folds 
mahspace: folds 
hamiltonherm: folds 
HSR1: folds 
DrRaiseee: calls $0.10
*** FLOP *** [2h 5s Ad]
DrRaiseee: checks 
metinski_d: bets $0.18
DrRaiseee: calls $0.18
*** TURN *** [2h 5s Ad] [Kh]
DrRaiseee: checks 
metinski_d: checks 
*** RIVER *** [2h 5s Ad Kh] [5h]
DrRaiseee: bets $0.30
metinski_d: folds 
Uncalled bet ($0.30) returned to DrRaiseee
DrRaiseee collected $0.69 from pot
DrRaiseee: doesn't show hand 
*** SUMMARY ***
Total pot $0.73 | Rake $0.04 
Board [2h 5s Ad Kh 5h]
Seat 1: absfcknglyntley folded before Flop (didn't bet)
Seat 2: mahspace (button) folded before Flop (didn't bet)
Seat 3: hamiltonherm (small blind) folded before Flop
Seat 4: HSR1 (big blind) folded before Flop
Seat 5: DrRaiseee collected ($0.69)
Seat 6: GeorgianaBalan folded before Flop (didn't bet)
Seat 7: KOCETO_1992 folded before Flop (didn't bet)
Seat 8: Dorex2007 folded before Flop (didn't bet)
Seat 9: metinski_d folded on the River



PokerStars Hand #238498463441:  Hold'em No Limit ($0.02/$0.05 USD) - 2022/09/08 11:17:56 PT [2022/09/08 14:17:56 ET]
Table 'Mizar II' 9-max Seat #3 is the button
Seat 1: absfcknglyntley ($5.45 in chips) 
Seat 2: mahspace ($6.61 in chips) 
Seat 3: hamiltonherm ($5.65 in chips) 
Seat 4: HSR1 ($5.92 in chips) 
Seat 5: DrRaiseee ($7.07 in chips) 
Seat 6: GeorgianaBalan ($5.61 in chips) 
Seat 7: KOCETO_1992 ($5.03 in chips) 
Seat 8: Dorex2007 ($5.52 in chips) 
Seat 9: metinski_d ($5 in chips) 
HSR1: posts small blind $0.02
DrRaiseee: posts big blind $0.05
*** HOLE CARDS ***
Dealt to Dorex2007 [4s 2s]
GeorgianaBalan: folds 
KOCETO_1992: folds 
Dorex2007: folds 
metinski_d: folds 
absfcknglyntley: folds 
mahspace: folds 
hamiltonherm: folds 
HSR1: raises $0.10 to $0.15
DrRaiseee: calls $0.10
*** FLOP *** [5s 6c 2d]
HSR1: bets $0.29
DrRaiseee: calls $0.29
*** TURN *** [5s 6c 2d] [Jc]
HSR1: checks 
DrRaiseee: bets $0.40
HSR1: calls $0.40
*** RIVER *** [5s 6c 2d Jc] [9d]
HSR1: checks 
DrRaiseee: checks 
*** SHOW DOWN ***
HSR1: shows [Kh Ad] (high card Ace)
DrRaiseee: shows [Kc 5c] (a pair of Fives)
DrRaiseee collected $1.59 from pot
*** SUMMARY ***
Total pot $1.68 | Rake $0.09 
Board [5s 6c 2d Jc 9d]
Seat 1: absfcknglyntley folded before Flop (didn't bet)
Seat 2: mahspace folded before Flop (didn't bet)
Seat 3: hamiltonherm (button) folded before Flop (didn't bet)
Seat 4: HSR1 (small blind) showed [Kh Ad] and lost with high card Ace
Seat 5: DrRaiseee (big blind) showed [Kc 5c] and won ($1.59) with a pair of Fives
Seat 6: GeorgianaBalan folded before Flop (didn't bet)
Seat 7: KOCETO_1992 folded before Flop (didn't bet)
Seat 8: Dorex2007 folded before Flop (didn't bet)
Seat 9: metinski_d folded before Flop (didn't bet)



PokerStars Hand #238498483436:  Hold'em No Limit ($0.02/$0.05 USD) - 2022/09/08 11:18:50 PT [2022/09/08 14:18:50 ET]
Table 'Mizar II' 9-max Seat #4 is the button
Seat 1: absfcknglyntley ($5.45 in chips) 
Seat 2: mahspace ($6.61 in chips) 
Seat 3: hamiltonherm ($5.65 in chips) 
Seat 4: HSR1 ($5.08 in chips) 
Seat 5: DrRaiseee ($7.82 in chips) 
Seat 6: GeorgianaBalan ($5.61 in chips) 
Seat 7: KOCETO_1992 ($5.03 in chips) 
Seat 8: Dorex2007 ($5.52 in chips) 
Seat 9: metinski_d ($5 in chips) 
DrRaiseee: posts small blind $0.02
GeorgianaBalan: posts big blind $0.05
*** HOLE CARDS ***
Dealt to Dorex2007 [6c Jc]
KOCETO_1992: folds 
Dorex2007: folds 
metinski_d: folds 
absfcknglyntley: raises $0.10 to $0.15
mahspace: folds 
hamiltonherm: folds 
hamiltonherm leaves the table
HSR1: calls $0.15
DrRaiseee: calls $0.13
GeorgianaBalan: folds 
*** FLOP *** [4c 6s 3h]
PirateN@81 joins the table at seat #3 
PirateN@81 leaves the table
DrRaiseee: checks 
absfcknglyntley: bets $0.25
HSR1: folds 
OuthitPlayer joins the table at seat #3 
DrRaiseee: folds 
Uncalled bet ($0.25) returned to absfcknglyntley
absfcknglyntley collected $0.48 from pot
absfcknglyntley: doesn't show hand 
*** SUMMARY ***
Total pot $0.50 | Rake $0.02 
Board [4c 6s 3h]
Seat 1: absfcknglyntley collected ($0.48)
Seat 2: mahspace folded before Flop (didn't bet)
Seat 3: hamiltonherm folded before Flop (didn't bet)
Seat 4: HSR1 (button) folded on the Flop
Seat 5: DrRaiseee (small blind) folded on the Flop
Seat 6: GeorgianaBalan (big blind) folded before Flop
Seat 7: KOCETO_1992 folded before Flop (didn't bet)
Seat 8: Dorex2007 folded before Flop (didn't bet)
Seat 9: metinski_d folded before Flop (didn't bet)



PokerStars Hand #238498504521:  Hold'em No Limit ($0.02/$0.05 USD) - 2022/09/08 11:19:48 PT [2022/09/08 14:19:48 ET]
Table 'Mizar II' 9-max Seat #5 is the button
Seat 1: absfcknglyntley ($5.78 in chips) 
Seat 2: mahspace ($6.61 in chips) 
Seat 4: HSR1 ($4.93 in chips) 
Seat 5: DrRaiseee ($7.67 in chips) 
Seat 6: GeorgianaBalan ($5.56 in chips) 
Seat 7: KOCETO_1992 ($5.03 in chips) 
Seat 8: Dorex2007 ($5.52 in chips) 
Seat 9: metinski_d ($5 in chips) 
GeorgianaBalan: posts small blind $0.02
KOCETO_1992: posts big blind $0.05
OuthitPlayer: sits out 
*** HOLE CARDS ***
Dealt to Dorex2007 [Ac 6s]
Dorex2007: folds 
metinski_d: folds 
absfcknglyntley: folds 
mahspace: folds 
HSR1: folds 
DrRaiseee: raises $0.10 to $0.15
GeorgianaBalan: folds 
KOCETO_1992: folds 
Uncalled bet ($0.10) returned to DrRaiseee
DrRaiseee collected $0.12 from pot
DrRaiseee: doesn't show hand 
*** SUMMARY ***
Total pot $0.12 | Rake $0 
Seat 1: absfcknglyntley folded before Flop (didn't bet)
Seat 2: mahspace folded before Flop (didn't bet)
Seat 4: HSR1 folded before Flop (didn't bet)
Seat 5: DrRaiseee (button) collected ($0.12)
Seat 6: GeorgianaBalan (small blind) folded before Flop
Seat 7: KOCETO_1992 (big blind) folded before Flop
Seat 8: Dorex2007 folded before Flop (didn't bet)
Seat 9: metinski_d folded before Flop (didn't bet)



PokerStars Hand #238498513142:  Hold'em No Limit ($0.02/$0.05 USD) - 2022/09/08 11:20:11 PT [2022/09/08 14:20:11 ET]
Table 'Mizar II' 9-max Seat #6 is the button
Seat 1: absfcknglyntley ($5.78 in chips) 
Seat 2: mahspace ($6.61 in chips) 
Seat 4: HSR1 ($4.93 in chips) 
Seat 5: DrRaiseee ($7.74 in chips) 
Seat 6: GeorgianaBalan ($5.54 in chips) 
Seat 7: KOCETO_1992 ($4.98 in chips) 
Seat 8: Dorex2007 ($5.52 in chips) 
Seat 9: metinski_d ($5 in chips) 
KOCETO_1992: posts small blind $0.02
Dorex2007: posts big blind $0.05
OuthitPlayer: sits out 
*** HOLE CARDS ***
Dealt to Dorex2007 [8h Th]
metinski_d: folds 
absfcknglyntley: folds 
mahspace: folds 
HSR1: folds 
DrRaiseee: folds 
GeorgianaBalan: folds 
KOCETO_1992: raises $0.07 to $0.12
Dorex2007: folds 
Uncalled bet ($0.07) returned to KOCETO_1992
KOCETO_1992 collected $0.10 from pot
*** SUMMARY ***
Total pot $0.10 | Rake $0 
Seat 1: absfcknglyntley folded before Flop (didn't bet)
Seat 2: mahspace folded before Flop (didn't bet)
Seat 4: HSR1 folded before Flop (didn't bet)
Seat 5: DrRaiseee folded before Flop (didn't bet)
Seat 6: GeorgianaBalan (button) folded before Flop (didn't bet)
Seat 7: KOCETO_1992 (small blind) collected ($0.10)
Seat 8: Dorex2007 (big blind) folded before Flop
Seat 9: metinski_d folded before Flop (didn't bet)



PokerStars Hand #238498521843:  Hold'em No Limit ($0.02/$0.05 USD) - 2022/09/08 11:20:35 PT [2022/09/08 14:20:35 ET]
Table 'Mizar II' 9-max Seat #7 is the button
Seat 1: absfcknglyntley ($5.78 in chips) 
Seat 2: mahspace ($6.61 in chips) 
Seat 4: HSR1 ($4.93 in chips) 
Seat 5: DrRaiseee ($7.74 in chips) 
Seat 6: GeorgianaBalan ($5.54 in chips) 
Seat 7: KOCETO_1992 ($5.03 in chips) 
Seat 8: Dorex2007 ($5.47 in chips) 
Seat 9: metinski_d ($5 in chips) 
Dorex2007: posts small blind $0.02
metinski_d: posts big blind $0.05
OuthitPlayer: sits out 
*** HOLE CARDS ***
Dealt to Dorex2007 [Jh Jd]
absfcknglyntley: folds 
mahspace: folds 
HSR1: folds 
DrRaiseee: raises $0.10 to $0.15
GeorgianaBalan: folds 
KOCETO_1992: folds 
Dorex2007: raises $0.35 to $0.50
metinski_d: folds 
DrRaiseee: folds 
Uncalled bet ($0.35) returned to Dorex2007
Dorex2007 collected $0.35 from pot
Dorex2007: doesn't show hand 
*** SUMMARY ***
Total pot $0.35 | Rake $0 
Seat 1: absfcknglyntley folded before Flop (didn't bet)
Seat 2: mahspace folded before Flop (didn't bet)
Seat 4: HSR1 folded before Flop (didn't bet)
Seat 5: DrRaiseee folded before Flop
Seat 6: GeorgianaBalan folded before Flop (didn't bet)
Seat 7: KOCETO_1992 (button) folded before Flop (didn't bet)
Seat 8: Dorex2007 (small blind) collected ($0.35)
Seat 9: metinski_d (big blind) folded before Flop



PokerStars Hand #238498534248:  Hold'em No Limit ($0.02/$0.05 USD) - 2022/09/08 11:21:08 PT [2022/09/08 14:21:08 ET]
Table 'Mizar II' 9-max Seat #8 is the button
Seat 1: absfcknglyntley ($5.78 in chips) 
Seat 2: mahspace ($6.61 in chips) 
Seat 4: HSR1 ($4.93 in chips) 
Seat 5: DrRaiseee ($7.59 in chips) 
Seat 6: GeorgianaBalan ($5.54 in chips) 
Seat 7: KOCETO_1992 ($5.03 in chips) 
Seat 8: Dorex2007 ($5.67 in chips) 
Seat 9: metinski_d ($5 in chips) 
metinski_d: posts small blind $0.02
absfcknglyntley: posts big blind $0.05
OuthitPlayer: sits out 
*** HOLE CARDS ***
Dealt to Dorex2007 [8s 9h]
mahspace: folds 
HSR1: folds 
DrRaiseee: folds 
GeorgianaBalan: folds 
KOCETO_1992: folds 
Dorex2007: folds 
metinski_d: raises $0.10 to $0.15
absfcknglyntley: folds 
Uncalled bet ($0.10) returned to metinski_d
metinski_d collected $0.10 from pot
metinski_d: doesn't show hand 
*** SUMMARY ***
Total pot $0.10 | Rake $0 
Seat 1: absfcknglyntley (big blind) folded before Flop
Seat 2: mahspace folded before Flop (didn't bet)
Seat 4: HSR1 folded before Flop (didn't bet)
Seat 5: DrRaiseee folded before Flop (didn't bet)
Seat 6: GeorgianaBalan folded before Flop (didn't bet)
Seat 7: KOCETO_1992 folded before Flop (didn't bet)
Seat 8: Dorex2007 (button) folded before Flop (didn't bet)
Seat 9: metinski_d (small blind) collected ($0.10)



PokerStars Hand #238498540238:  Hold'em No Limit ($0.02/$0.05 USD) - 2022/09/08 11:21:24 PT [2022/09/08 14:21:24 ET]
Table 'Mizar II' 9-max Seat #9 is the button
Seat 1: absfcknglyntley ($5.73 in chips) 
Seat 3: OuthitPlayer ($5 in chips) 
Seat 4: HSR1 ($4.93 in chips) 
Seat 5: DrRaiseee ($7.59 in chips) 
Seat 6: GeorgianaBalan ($5.54 in chips) 
Seat 7: KOCETO_1992 ($5.03 in chips) 
Seat 8: Dorex2007 ($5.67 in chips) 
Seat 9: metinski_d ($5.05 in chips) 
absfcknglyntley: posts small blind $0.02
mahspace: is sitting out 
OuthitPlayer: posts big blind $0.05
*** HOLE CARDS ***
Dealt to Dorex2007 [4s Jd]
mahspace leaves the table
HSR1: folds 
DrRaiseee: raises $0.10 to $0.15
GeorgianaBalan: folds 
KOCETO_1992: folds 
Dorex2007: folds 
metinski_d: folds 
absfcknglyntley: folds 
OuthitPlayer: folds 
Uncalled bet ($0.10) returned to DrRaiseee
Rob1993P joins the table at seat #2 
DrRaiseee collected $0.12 from pot
DrRaiseee: doesn't show hand 
*** SUMMARY ***
Total pot $0.12 | Rake $0 
Seat 1: absfcknglyntley (small blind) folded before Flop
Seat 3: OuthitPlayer (big blind) folded before Flop
Seat 4: HSR1 folded before Flop (didn't bet)
Seat 5: DrRaiseee collected ($0.12)
Seat 6: GeorgianaBalan folded before Flop (didn't bet)
Seat 7: KOCETO_1992 folded before Flop (didn't bet)
Seat 8: Dorex2007 folded before Flop (didn't bet)
Seat 9: metinski_d (button) folded before Flop (didn't bet)



PokerStars Hand #238498546207:  Hold'em No Limit ($0.02/$0.05 USD) - 2022/09/08 11:21:41 PT [2022/09/08 14:21:41 ET]
Table 'Mizar II' 9-max Seat #1 is the button
Seat 1: absfcknglyntley ($5.71 in chips) 
Seat 3: OuthitPlayer ($5 in chips) 
Seat 4: HSR1 ($4.93 in chips) 
Seat 5: DrRaiseee ($7.66 in chips) 
Seat 6: GeorgianaBalan ($5.54 in chips) 
Seat 7: KOCETO_1992 ($5.03 in chips) 
Seat 8: Dorex2007 ($5.67 in chips) 
Seat 9: metinski_d ($5.05 in chips) 
OuthitPlayer: posts small blind $0.02
HSR1: posts big blind $0.05
*** HOLE CARDS ***
Dealt to Dorex2007 [6c As]
DrRaiseee: folds 
GeorgianaBalan: folds 
KOCETO_1992: folds 
Dorex2007: folds 
metinski_d: folds 
absfcknglyntley: folds 
OuthitPlayer: raises $0.07 to $0.12
HSR1: folds 
Uncalled bet ($0.07) returned to OuthitPlayer
OuthitPlayer collected $0.10 from pot
OuthitPlayer: doesn't show hand 
*** SUMMARY ***
Total pot $0.10 | Rake $0 
Seat 1: absfcknglyntley (button) folded before Flop (didn't bet)
Seat 3: OuthitPlayer (small blind) collected ($0.10)
Seat 4: HSR1 (big blind) folded before Flop
Seat 5: DrRaiseee folded before Flop (didn't bet)
Seat 6: GeorgianaBalan folded before Flop (didn't bet)
Seat 7: KOCETO_1992 folded before Flop (didn't bet)
Seat 8: Dorex2007 folded before Flop (didn't bet)
Seat 9: metinski_d folded before Flop (didn't bet)



PokerStars Hand #238498551478:  Hold'em No Limit ($0.02/$0.05 USD) - 2022/09/08 11:21:55 PT [2022/09/08 14:21:55 ET]
Table 'Mizar II' 9-max Seat #3 is the button
Seat 1: absfcknglyntley ($5.71 in chips) 
Seat 3: OuthitPlayer ($5.05 in chips) 
Seat 4: HSR1 ($4.88 in chips) 
Seat 5: DrRaiseee ($7.66 in chips) 
Seat 6: GeorgianaBalan ($5.54 in chips) 
Seat 7: KOCETO_1992 ($5.03 in chips) 
Seat 8: Dorex2007 ($5.67 in chips) 
Seat 9: metinski_d ($5.05 in chips) 
HSR1: posts small blind $0.02
DrRaiseee: posts big blind $0.05
Rob1993P: sits out 
*** HOLE CARDS ***
Dealt to Dorex2007 [6c 2h]
GeorgianaBalan: folds 
KOCETO_1992: folds 
Dorex2007: folds 
metinski_d: folds 
absfcknglyntley: raises $0.07 to $0.12
OuthitPlayer: folds 
HSR1: calls $0.10
DrRaiseee: calls $0.07
*** FLOP *** [Ah 8h Qc]
HSR1: checks 
DrRaiseee: checks 
absfcknglyntley: checks 
*** TURN *** [Ah 8h Qc] [Tc]
HSR1: checks 
metinski_d is disconnected 
DrRaiseee: checks 
absfcknglyntley: checks 
*** RIVER *** [Ah 8h Qc Tc] [9s]
HSR1: bets $0.15
DrRaiseee: calls $0.15
absfcknglyntley: calls $0.15
*** SHOW DOWN ***
HSR1: shows [Js Td] (a straight, Eight to Queen)
DrRaiseee: mucks hand 
absfcknglyntley: mucks hand 
HSR1 collected $0.78 from pot
*** SUMMARY ***
Total pot $0.81 | Rake $0.03 
Board [Ah 8h Qc Tc 9s]
Seat 1: absfcknglyntley mucked [As 7s]
Seat 3: OuthitPlayer (button) folded before Flop (didn't bet)
Seat 4: HSR1 (small blind) showed [Js Td] and won ($0.78) with a straight, Eight to Queen
Seat 5: DrRaiseee (big blind) mucked [5h Ts]
Seat 6: GeorgianaBalan folded before Flop (didn't bet)
Seat 7: KOCETO_1992 folded before Flop (didn't bet)
Seat 8: Dorex2007 folded before Flop (didn't bet)
Seat 9: metinski_d folded before Flop (didn't bet)



PokerStars Hand #238498573500:  Hold'em No Limit ($0.02/$0.05 USD) - 2022/09/08 11:22:55 PT [2022/09/08 14:22:55 ET]
Table 'Mizar II' 9-max Seat #4 is the button
Seat 1: absfcknglyntley ($5.44 in chips) 
Seat 3: OuthitPlayer ($5.05 in chips) 
Seat 4: HSR1 ($5.39 in chips) 
Seat 5: DrRaiseee ($7.39 in chips) 
Seat 6: GeorgianaBalan ($5.54 in chips) 
Seat 7: KOCETO_1992 ($5.03 in chips) 
Seat 8: Dorex2007 ($5.67 in chips) 
Seat 9: metinski_d ($5.05 in chips) 
DrRaiseee: posts small blind $0.02
GeorgianaBalan: posts big blind $0.05
Rob1993P: sits out 
*** HOLE CARDS ***
Dealt to Dorex2007 [2d 6s]
KOCETO_1992: folds 
Dorex2007: folds 
metinski_d: raises $0.10 to $0.15
absfcknglyntley: folds 
OuthitPlayer: folds 
HSR1: folds 
DrRaiseee: folds 
GeorgianaBalan: folds 
Uncalled bet ($0.10) returned to metinski_d
metinski_d collected $0.12 from pot
metinski_d: doesn't show hand 
*** SUMMARY ***
Total pot $0.12 | Rake $0 
Seat 1: absfcknglyntley folded before Flop (didn't bet)
Seat 3: OuthitPlayer folded before Flop (didn't bet)
Seat 4: HSR1 (button) folded before Flop (didn't bet)
Seat 5: DrRaiseee (small blind) folded before Flop
Seat 6: GeorgianaBalan (big blind) folded before Flop
Seat 7: KOCETO_1992 folded before Flop (didn't bet)
Seat 8: Dorex2007 folded before Flop (didn't bet)
Seat 9: metinski_d collected ($0.12)



PokerStars Hand #238498580181:  Hold'em No Limit ($0.02/$0.05 USD) - 2022/09/08 11:23:13 PT [2022/09/08 14:23:13 ET]
Table 'Mizar II' 9-max Seat #5 is the button
Seat 1: absfcknglyntley ($5.44 in chips) 
Seat 3: OuthitPlayer ($5.05 in chips) 
Seat 4: HSR1 ($5.39 in chips) 
Seat 5: DrRaiseee ($7.37 in chips) 
Seat 6: GeorgianaBalan ($5.49 in chips) 
Seat 7: KOCETO_1992 ($5.03 in chips) 
Seat 8: Dorex2007 ($5.67 in chips) 
Seat 9: metinski_d ($5.12 in chips) 
GeorgianaBalan: posts small blind $0.02
KOCETO_1992: posts big blind $0.05
Rob1993P: sits out 
*** HOLE CARDS ***
Dealt to Dorex2007 [9c 3d]
Dorex2007: folds 
metinski_d: folds 
absfcknglyntley: folds 
OuthitPlayer: folds 
HSR1: folds 
DrRaiseee: folds 
GeorgianaBalan: calls $0.03
KOCETO_1992: checks 
*** FLOP *** [Th Jc 4s]
GeorgianaBalan: checks 
KOCETO_1992: checks 
*** TURN *** [Th Jc 4s] [7c]
GeorgianaBalan: checks 
KOCETO_1992: checks 
*** RIVER *** [Th Jc 4s 7c] [2c]
GeorgianaBalan: checks 
KOCETO_1992: checks 
*** SHOW DOWN ***
GeorgianaBalan: shows [Ac 9d] (high card Ace)
KOCETO_1992: shows [7d 5h] (a pair of Sevens)
KOCETO_1992 collected $0.10 from pot
*** SUMMARY ***
Total pot $0.10 | Rake $0 
Board [Th Jc 4s 7c 2c]
Seat 1: absfcknglyntley folded before Flop (didn't bet)
Seat 3: OuthitPlayer folded before Flop (didn't bet)
Seat 4: HSR1 folded before Flop (didn't bet)
Seat 5: DrRaiseee (button) folded before Flop (didn't bet)
Seat 6: GeorgianaBalan (small blind) showed [Ac 9d] and lost with high card Ace
Seat 7: KOCETO_1992 (big blind) showed [7d 5h] and won ($0.10) with a pair of Sevens
Seat 8: Dorex2007 folded before Flop (didn't bet)
Seat 9: metinski_d folded before Flop (didn't bet)



PokerStars Hand #238498591273:  Hold'em No Limit ($0.02/$0.05 USD) - 2022/09/08 11:23:42 PT [2022/09/08 14:23:42 ET]
Table 'Mizar II' 9-max Seat #6 is the button
Seat 1: absfcknglyntley ($5.44 in chips) 
Seat 3: OuthitPlayer ($5.05 in chips) 
Seat 4: HSR1 ($5.39 in chips) 
Seat 5: DrRaiseee ($7.37 in chips) 
Seat 6: GeorgianaBalan ($5.44 in chips) 
Seat 7: KOCETO_1992 ($5.08 in chips) 
Seat 8: Dorex2007 ($5.67 in chips) 
Seat 9: metinski_d ($5.12 in chips) 
KOCETO_1992: posts small blind $0.02
Dorex2007: posts big blind $0.05
Rob1993P: sits out 
*** HOLE CARDS ***
Dealt to Dorex2007 [9s 4d]
metinski_d: folds 
absfcknglyntley: folds 
OuthitPlayer: folds 
HSR1: raises $0.15 to $0.20
DrRaiseee: folds 
GeorgianaBalan: folds 
KOCETO_1992: folds 
Dorex2007: folds 
Uncalled bet ($0.15) returned to HSR1
HSR1 collected $0.12 from pot
HSR1: doesn't show hand 
*** SUMMARY ***
Total pot $0.12 | Rake $0 
Seat 1: absfcknglyntley folded before Flop (didn't bet)
Seat 3: OuthitPlayer folded before Flop (didn't bet)
Seat 4: HSR1 collected ($0.12)
Seat 5: DrRaiseee folded before Flop (didn't bet)
Seat 6: GeorgianaBalan (button) folded before Flop (didn't bet)
Seat 7: KOCETO_1992 (small blind) folded before Flop
Seat 8: Dorex2007 (big blind) folded before Flop
Seat 9: metinski_d folded before Flop (didn't bet)



PokerStars Hand #238498598412:  Hold'em No Limit ($0.02/$0.05 USD) - 2022/09/08 11:24:02 PT [2022/09/08 14:24:02 ET]
Table 'Mizar II' 9-max Seat #7 is the button
Seat 1: absfcknglyntley ($5.44 in chips) 
Seat 3: OuthitPlayer ($5.05 in chips) 
Seat 4: HSR1 ($5.46 in chips) 
Seat 5: DrRaiseee ($7.37 in chips) 
Seat 6: GeorgianaBalan ($5.44 in chips) 
Seat 7: KOCETO_1992 ($5.06 in chips) 
Seat 8: Dorex2007 ($5.62 in chips) 
Seat 9: metinski_d ($5.12 in chips) 
Dorex2007: posts small blind $0.02
metinski_d: posts big blind $0.05
Rob1993P: sits out 
*** HOLE CARDS ***
Dealt to Dorex2007 [7c 5c]
absfcknglyntley: folds 
OuthitPlayer: raises $0.10 to $0.15
HSR1: calls $0.15
DrRaiseee: folds 
GeorgianaBalan: folds 
KOCETO_1992: calls $0.15
Dorex2007: folds 
metinski_d: folds 
*** FLOP *** [8s 6c 2s]
OuthitPlayer: checks 
HSR1: checks 
metinski_d leaves the table
KOCETO_1992: bets $0.20
OuthitPlayer: calls $0.20
HSR1: calls $0.20
*** TURN *** [8s 6c 2s] [8c]
OuthitPlayer: checks 
HSR1: checks 
KOCETO_1992: bets $0.38
OuthitPlayer: folds 
HSR1: folds 
Uncalled bet ($0.38) returned to KOCETO_1992
KOCETO_1992 collected $1.07 from pot
*** SUMMARY ***
Total pot $1.12 | Rake $0.05 
Board [8s 6c 2s 8c]
Seat 1: absfcknglyntley folded before Flop (didn't bet)
Seat 3: OuthitPlayer folded on the Turn
Seat 4: HSR1 folded on the Turn
Seat 5: DrRaiseee folded before Flop (didn't bet)
Seat 6: GeorgianaBalan folded before Flop (didn't bet)
Seat 7: KOCETO_1992 (button) collected ($1.07)
Seat 8: Dorex2007 (small blind) folded before Flop
Seat 9: metinski_d (big blind) folded before Flop



PokerStars Hand #238498619025:  Hold'em No Limit ($0.02/$0.05 USD) - 2022/09/08 11:24:57 PT [2022/09/08 14:24:57 ET]
Table 'Mizar II' 9-max Seat #8 is the button
Seat 1: absfcknglyntley ($5.44 in chips) 
Seat 2: Rob1993P ($5 in chips) 
Seat 3: OuthitPlayer ($5 in chips) 
Seat 4: HSR1 ($5.11 in chips) 
Seat 5: DrRaiseee ($7.37 in chips) 
Seat 6: GeorgianaBalan ($5.44 in chips) 
Seat 7: KOCETO_1992 ($5.78 in chips) 
Seat 8: Dorex2007 ($5.60 in chips) 
absfcknglyntley: posts small blind $0.02
Rob1993P: posts big blind $0.05
*** HOLE CARDS ***
Dealt to Dorex2007 [Jd Ah]
OuthitPlayer: folds 
HSR1: folds 
DrRaiseee: calls $0.05
GeorgianaBalan: folds 
KOCETO_1992: folds 
Dorex2007: calls $0.05
absfcknglyntley: folds 
Rob1993P: checks 
*** FLOP *** [Ts Qs 2h]
Rob1993P: checks 
DrRaiseee: bets $0.08
Dorex2007: folds 
Rob1993P: calls $0.08
*** TURN *** [Ts Qs 2h] [6s]
Rob1993P: checks 
DrRaiseee: checks 
*** RIVER *** [Ts Qs 2h 6s] [3s]
Rob1993P: checks 
DrRaiseee: checks 
*** SHOW DOWN ***
Rob1993P: shows [Tc Jh] (a pair of Tens)
DrRaiseee: shows [Jc Td] (a pair of Tens)
Rob1993P collected $0.16 from pot
DrRaiseee collected $0.16 from pot
*** SUMMARY ***
Total pot $0.33 | Rake $0.01 
Board [Ts Qs 2h 6s 3s]
Seat 1: absfcknglyntley (small blind) folded before Flop
Seat 2: Rob1993P (big blind) showed [Tc Jh] and won ($0.16) with a pair of Tens
Seat 3: OuthitPlayer folded before Flop (didn't bet)
Seat 4: HSR1 folded before Flop (didn't bet)
Seat 5: DrRaiseee showed [Jc Td] and won ($0.16) with a pair of Tens
Seat 6: GeorgianaBalan folded before Flop (didn't bet)
Seat 7: KOCETO_1992 folded before Flop (didn't bet)
Seat 8: Dorex2007 (button) folded on the Flop



PokerStars Hand #238498640722:  Hold'em No Limit ($0.02/$0.05 USD) - 2022/09/08 11:25:55 PT [2022/09/08 14:25:55 ET]
Table 'Mizar II' 9-max Seat #1 is the button
Seat 1: absfcknglyntley ($5.42 in chips) 
Seat 2: Rob1993P ($5.03 in chips) 
Seat 3: OuthitPlayer ($5 in chips) 
Seat 4: HSR1 ($5.11 in chips) 
Seat 5: DrRaiseee ($7.40 in chips) 
Seat 6: GeorgianaBalan ($5.44 in chips) 
Seat 7: KOCETO_1992 ($5.78 in chips) 
Seat 8: Dorex2007 ($5.55 in chips) 
Rob1993P: posts small blind $0.02
OuthitPlayer: posts big blind $0.05
*** HOLE CARDS ***
Dealt to Dorex2007 [As 3h]
HSR1: calls $0.05
DrRaiseee: folds 
GeorgianaBalan: folds 
KOCETO_1992: folds 
Dorex2007: folds 
absfcknglyntley: folds 
Rob1993P: folds 
OuthitPlayer: checks 
*** FLOP *** [Th 5s 6h]
OuthitPlayer: bets $0.06
HSR1: folds 
Uncalled bet ($0.06) returned to OuthitPlayer
OuthitPlayer collected $0.12 from pot
OuthitPlayer: doesn't show hand 
*** SUMMARY ***
Total pot $0.12 | Rake $0 
Board [Th 5s 6h]
Seat 1: absfcknglyntley (button) folded before Flop (didn't bet)
Seat 2: Rob1993P (small blind) folded before Flop
Seat 3: OuthitPlayer (big blind) collected ($0.12)
Seat 4: HSR1 folded on the Flop
Seat 5: DrRaiseee folded before Flop (didn't bet)
Seat 6: GeorgianaBalan folded before Flop (didn't bet)
Seat 7: KOCETO_1992 folded before Flop (didn't bet)
Seat 8: Dorex2007 folded before Flop (didn't bet)



PokerStars Hand #238498649224:  Hold'em No Limit ($0.02/$0.05 USD) - 2022/09/08 11:26:18 PT [2022/09/08 14:26:18 ET]
Table 'Mizar II' 9-max Seat #2 is the button
Seat 1: absfcknglyntley ($5.42 in chips) 
Seat 2: Rob1993P ($5.01 in chips) 
Seat 3: OuthitPlayer ($5.07 in chips) 
Seat 4: HSR1 ($5.06 in chips) 
Seat 5: DrRaiseee ($7.40 in chips) 
Seat 6: GeorgianaBalan ($5.44 in chips) 
Seat 7: KOCETO_1992 ($5.78 in chips) 
Seat 8: Dorex2007 ($5.55 in chips) 
OuthitPlayer: posts small blind $0.02
HSR1: posts big blind $0.05
*** HOLE CARDS ***
Dealt to Dorex2007 [3c 9s]
DrRaiseee: folds 
GeorgianaBalan: calls $0.05
KOCETO_1992: folds 
Dorex2007: folds 
absfcknglyntley: raises $0.15 to $0.20
Rob1993P: folds 
OuthitPlayer: folds 
HSR1: folds 
GeorgianaBalan: calls $0.15
*** FLOP *** [4h 2h Kd]
GeorgianaBalan: checks 
absfcknglyntley: bets $0.22
GeorgianaBalan: raises $5.02 to $5.24 and is all-in
absfcknglyntley: folds 
Uncalled bet ($5.02) returned to GeorgianaBalan
GeorgianaBalan collected $0.87 from pot
*** SUMMARY ***
Total pot $0.91 | Rake $0.04 
Board [4h 2h Kd]
Seat 1: absfcknglyntley folded on the Flop
Seat 2: Rob1993P (button) folded before Flop (didn't bet)
Seat 3: OuthitPlayer (small blind) folded before Flop
Seat 4: HSR1 (big blind) folded before Flop
Seat 5: DrRaiseee folded before Flop (didn't bet)
Seat 6: GeorgianaBalan collected ($0.87)
Seat 7: KOCETO_1992 folded before Flop (didn't bet)
Seat 8: Dorex2007 folded before Flop (didn't bet)



PokerStars Hand #238498662484:  Hold'em No Limit ($0.02/$0.05 USD) - 2022/09/08 11:26:54 PT [2022/09/08 14:26:54 ET]
Table 'Mizar II' 9-max Seat #3 is the button
Seat 1: absfcknglyntley ($5 in chips) 
Seat 2: Rob1993P ($5.01 in chips) 
Seat 3: OuthitPlayer ($5.05 in chips) 
Seat 4: HSR1 ($5.01 in chips) 
Seat 5: DrRaiseee ($7.40 in chips) 
Seat 6: GeorgianaBalan ($5.89 in chips) 
Seat 7: KOCETO_1992 ($5.78 in chips) 
Seat 8: Dorex2007 ($5.55 in chips) 
HSR1: posts small blind $0.02
DrRaiseee: posts big blind $0.05
*** HOLE CARDS ***
Dealt to Dorex2007 [Qc 8h]
GeorgianaBalan: folds 
KOCETO_1992: folds 
Dorex2007: folds 
absfcknglyntley: folds 
Rob1993P: folds 
OuthitPlayer: folds 
HSR1: calls $0.03
DrRaiseee: checks 
*** FLOP *** [Qh Tc 3s]
HSR1: bets $0.05
DrRaiseee: calls $0.05
*** TURN *** [Qh Tc 3s] [7c]
HSR1: checks 
DrRaiseee: checks 
*** RIVER *** [Qh Tc 3s 7c] [9h]
HSR1: checks 
DrRaiseee: checks 
*** SHOW DOWN ***
HSR1: shows [Kd 9s] (a pair of Nines)
DrRaiseee: shows [Td 4d] (a pair of Tens)
DrRaiseee collected $0.19 from pot
*** SUMMARY ***
Total pot $0.20 | Rake $0.01 
Board [Qh Tc 3s 7c 9h]
Seat 1: absfcknglyntley folded before Flop (didn't bet)
Seat 2: Rob1993P folded before Flop (didn't bet)
Seat 3: OuthitPlayer (button) folded before Flop (didn't bet)
Seat 4: HSR1 (small blind) showed [Kd 9s] and lost with a pair of Nines
Seat 5: DrRaiseee (big blind) showed [Td 4d] and won ($0.19) with a pair of Tens
Seat 6: GeorgianaBalan folded before Flop (didn't bet)
Seat 7: KOCETO_1992 folded before Flop (didn't bet)
Seat 8: Dorex2007 folded before Flop (didn't bet)



PokerStars Hand #238498741749:  Hold'em No Limit ($0.02/$0.05 USD) - 2022/09/08 11:30:24 PT [2022/09/08 14:30:24 ET]
Table 'Mizar II' 9-max Seat #9 is the button
Seat 1: absfcknglyntley ($5.02 in chips) 
Seat 2: Rob1993P ($7.44 in chips) 
Seat 3: OuthitPlayer ($5 in chips) 
Seat 4: HSR1 ($4.06 in chips) 
Seat 5: DrRaiseee ($6.15 in chips) 
Seat 6: GeorgianaBalan ($5.82 in chips) 
Seat 7: KOCETO_1992 ($5.71 in chips) 
Seat 8: Dorex2007 ($5.55 in chips) 
Seat 9: racprrr ($4.69 in chips) 
absfcknglyntley: posts small blind $0.02
Rob1993P: posts big blind $0.05
Dorex2007: posts small & big blinds $0.07
*** HOLE CARDS ***
Dealt to Dorex2007 [Ad Qh]
OuthitPlayer: folds 
HSR1: folds 
DrRaiseee: folds 
GeorgianaBalan: folds 
KOCETO_1992: folds 
Dorex2007: checks 
racprrr: raises $0.19 to $0.24
absfcknglyntley: folds 
Rob1993P: folds 
Dorex2007: calls $0.19
*** FLOP *** [5c 8d 3s]
Dorex2007: bets $0.37
racprrr: calls $0.37
*** TURN *** [5c 8d 3s] [As]
Dorex2007: bets $1.26
racprrr: raises $2.82 to $4.08 and is all-in
Dorex2007: calls $2.82
*** RIVER *** [5c 8d 3s As] [4c]
*** SHOW DOWN ***
Dorex2007: shows [Ad Qh] (a pair of Aces)
racprrr: shows [9s 9d] (a pair of Nines)
Dorex2007 cashed out the hand for $8.58 | Cash Out Fee $0.09
*** SUMMARY ***
Total pot $9.47 | Rake $0.39 
Board [5c 8d 3s As 4c]
Seat 1: absfcknglyntley (small blind) folded before Flop
Seat 2: Rob1993P (big blind) folded before Flop
Seat 3: OuthitPlayer folded before Flop (didn't bet)
Seat 4: HSR1 folded before Flop (didn't bet)
Seat 5: DrRaiseee folded before Flop (didn't bet)
Seat 6: GeorgianaBalan folded before Flop (didn't bet)
Seat 7: KOCETO_1992 folded before Flop (didn't bet)
Seat 8: Dorex2007 showed [Ad Qh] and won ($9.08) with a pair of Aces (pot not awarded as player cashed out)
Seat 9: racprrr (button) showed [9s 9d] and lost with a pair of Nines



PokerStars Hand #238498770869:  Hold'em No Limit ($0.02/$0.05 USD) - 2022/09/08 11:31:42 PT [2022/09/08 14:31:42 ET]
Table 'Mizar II' 9-max Seat #1 is the button
Seat 1: absfcknglyntley ($5 in chips) 
Seat 2: Rob1993P ($7.39 in chips) 
Seat 4: HSR1 ($4.06 in chips) 
Seat 5: DrRaiseee ($6.15 in chips) 
Seat 6: GeorgianaBalan ($5.82 in chips) 
Seat 7: KOCETO_1992 ($5.71 in chips) 
Seat 8: Dorex2007 ($9.42 in chips) 
Rob1993P: posts small blind $0.02
OuthitPlayer: is sitting out 
HSR1: posts big blind $0.05
*** HOLE CARDS ***
Dealt to Dorex2007 [7h Jh]
DrRaiseee: folds 
GeorgianaBalan: folds 
KOCETO_1992: folds 
OuthitPlayer leaves the table
Dorex2007: folds 
absfcknglyntley: folds 
Rob1993P: calls $0.03
HSR1: checks 
*** FLOP *** [Kd Ts 4c]
Rob1993P: checks 
HSR1: checks 
*** TURN *** [Kd Ts 4c] [9d]
Rob1993P: checks 
Piligrim_Serik joins the table at seat #3 
HSR1: bets $0.10
Rob1993P: folds 
Uncalled bet ($0.10) returned to HSR1
HSR1 collected $0.10 from pot
HSR1: doesn't show hand 
*** SUMMARY ***
Total pot $0.10 | Rake $0 
Board [Kd Ts 4c 9d]
Seat 1: absfcknglyntley (button) folded before Flop (didn't bet)
Seat 2: Rob1993P (small blind) folded on the Turn
Seat 4: HSR1 (big blind) collected ($0.10)
Seat 5: DrRaiseee folded before Flop (didn't bet)
Seat 6: GeorgianaBalan folded before Flop (didn't bet)
Seat 7: KOCETO_1992 folded before Flop (didn't bet)
Seat 8: Dorex2007 folded before Flop (didn't bet)



PokerStars Hand #238498782601:  Hold'em No Limit ($0.02/$0.05 USD) - 2022/09/08 11:32:12 PT [2022/09/08 14:32:12 ET]
Table 'Mizar II' 9-max Seat #2 is the button
Seat 1: absfcknglyntley ($5 in chips) 
Seat 2: Rob1993P ($7.34 in chips) 
Seat 4: HSR1 ($4.11 in chips) 
Seat 5: DrRaiseee ($6.15 in chips) 
Seat 6: GeorgianaBalan ($5.82 in chips) 
Seat 7: KOCETO_1992 ($5.71 in chips) 
Seat 8: Dorex2007 ($9.42 in chips) 
Seat 9: racprrr ($5 in chips) 
HSR1: posts small blind $0.02
DrRaiseee: posts big blind $0.05
*** HOLE CARDS ***
Dealt to Dorex2007 [8h Ac]
GeorgianaBalan: folds 
KOCETO_1992: folds 
Dorex2007: folds 
racprrr: folds 
absfcknglyntley: folds 
Rob1993P: folds 
HSR1: folds 
Uncalled bet ($0.03) returned to DrRaiseee
DrRaiseee collected $0.04 from pot
DrRaiseee: doesn't show hand 
*** SUMMARY ***
Total pot $0.04 | Rake $0 
Seat 1: absfcknglyntley folded before Flop (didn't bet)
Seat 2: Rob1993P (button) folded before Flop (didn't bet)
Seat 4: HSR1 (small blind) folded before Flop
Seat 5: DrRaiseee (big blind) collected ($0.04)
Seat 6: GeorgianaBalan folded before Flop (didn't bet)
Seat 7: KOCETO_1992 folded before Flop (didn't bet)
Seat 8: Dorex2007 folded before Flop (didn't bet)
Seat 9: racprrr folded before Flop (didn't bet)



PokerStars Hand #238498788092:  Hold'em No Limit ($0.02/$0.05 USD) - 2022/09/08 11:32:27 PT [2022/09/08 14:32:27 ET]
Table 'Mizar II' 9-max Seat #4 is the button
Seat 1: absfcknglyntley ($5 in chips) 
Seat 2: Rob1993P ($7.34 in chips) 
Seat 3: Piligrim_Serik ($4 in chips) 
Seat 4: HSR1 ($4.09 in chips) 
Seat 5: DrRaiseee ($6.17 in chips) 
Seat 6: GeorgianaBalan ($5.82 in chips) 
Seat 7: KOCETO_1992 ($5.71 in chips) 
Seat 8: Dorex2007 ($9.42 in chips) 
Seat 9: racprrr ($5 in chips) 
DrRaiseee: posts small blind $0.02
GeorgianaBalan: posts big blind $0.05
Piligrim_Serik: posts big blind $0.05
*** HOLE CARDS ***
Dealt to Dorex2007 [Qh 4c]
KOCETO_1992: folds 
Dorex2007: folds 
racprrr: folds 
absfcknglyntley: folds 
Rob1993P: folds 
Piligrim_Serik: checks 
HSR1: raises $0.17 to $0.22
DrRaiseee: calls $0.20
GeorgianaBalan: folds 
Piligrim_Serik: calls $0.17
*** FLOP *** [As 5h 7h]
DrRaiseee: checks 
Piligrim_Serik: bets $0.05
HSR1: raises $0.39 to $0.44
DrRaiseee: folds 
Piligrim_Serik: folds 
Uncalled bet ($0.39) returned to HSR1
HSR1 collected $0.78 from pot
HSR1: doesn't show hand 
*** SUMMARY ***
Total pot $0.81 | Rake $0.03 
Board [As 5h 7h]
Seat 1: absfcknglyntley folded before Flop (didn't bet)
Seat 2: Rob1993P folded before Flop (didn't bet)
Seat 3: Piligrim_Serik folded on the Flop
Seat 4: HSR1 (button) collected ($0.78)
Seat 5: DrRaiseee (small blind) folded on the Flop
Seat 6: GeorgianaBalan (big blind) folded before Flop
Seat 7: KOCETO_1992 folded before Flop (didn't bet)
Seat 8: Dorex2007 folded before Flop (didn't bet)
Seat 9: racprrr folded before Flop (didn't bet)



PokerStars Hand #238498805172:  Hold'em No Limit ($0.02/$0.05 USD) - 2022/09/08 11:33:12 PT [2022/09/08 14:33:12 ET]
Table 'Mizar II' 9-max Seat #5 is the button
Seat 1: absfcknglyntley ($5 in chips) 
Seat 2: Rob1993P ($7.34 in chips) 
Seat 3: Piligrim_Serik ($3.73 in chips) 
Seat 4: HSR1 ($4.60 in chips) 
Seat 5: DrRaiseee ($5.95 in chips) 
Seat 6: GeorgianaBalan ($5.77 in chips) 
Seat 7: KOCETO_1992 ($5.71 in chips) 
Seat 8: Dorex2007 ($9.42 in chips) 
Seat 9: racprrr ($5 in chips) 
GeorgianaBalan: posts small blind $0.02
KOCETO_1992: posts big blind $0.05
*** HOLE CARDS ***
Dealt to Dorex2007 [2c Th]
Dorex2007: folds 
racprrr: folds 
absfcknglyntley: folds 
Rob1993P: folds 
Piligrim_Serik: calls $0.05
HSR1: folds 
DrRaiseee: raises $0.10 to $0.15
GeorgianaBalan: folds 
KOCETO_1992: folds 
Piligrim_Serik: calls $0.10
*** FLOP *** [7s Ad Kd]
Piligrim_Serik: checks 
DrRaiseee: bets $0.15
Piligrim_Serik: folds 
Uncalled bet ($0.15) returned to DrRaiseee
DrRaiseee collected $0.35 from pot
DrRaiseee: doesn't show hand 
*** SUMMARY ***
Total pot $0.37 | Rake $0.02 
Board [7s Ad Kd]
Seat 1: absfcknglyntley folded before Flop (didn't bet)
Seat 2: Rob1993P folded before Flop (didn't bet)
Seat 3: Piligrim_Serik folded on the Flop
Seat 4: HSR1 folded before Flop (didn't bet)
Seat 5: DrRaiseee (button) collected ($0.35)
Seat 6: GeorgianaBalan (small blind) folded before Flop
Seat 7: KOCETO_1992 (big blind) folded before Flop
Seat 8: Dorex2007 folded before Flop (didn't bet)
Seat 9: racprrr folded before Flop (didn't bet)



PokerStars Hand #238498819720:  Hold'em No Limit ($0.02/$0.05 USD) - 2022/09/08 11:33:50 PT [2022/09/08 14:33:50 ET]
Table 'Mizar II' 9-max Seat #6 is the button
Seat 1: absfcknglyntley ($5 in chips) 
Seat 2: Rob1993P ($7.34 in chips) 
Seat 3: Piligrim_Serik ($3.58 in chips) 
Seat 4: HSR1 ($4.60 in chips) 
Seat 5: DrRaiseee ($6.15 in chips) 
Seat 6: GeorgianaBalan ($5.75 in chips) 
Seat 7: KOCETO_1992 ($5.66 in chips) 
Seat 8: Dorex2007 ($9.42 in chips) 
Seat 9: racprrr ($5 in chips) 
KOCETO_1992: posts small blind $0.02
Dorex2007: posts big blind $0.05
*** HOLE CARDS ***
Dealt to Dorex2007 [8c 8h]
racprrr: calls $0.05
absfcknglyntley: folds 
Rob1993P: folds 
Piligrim_Serik: folds 
HSR1: folds 
DrRaiseee: folds 
GeorgianaBalan: calls $0.05
KOCETO_1992: calls $0.03
Dorex2007: checks 
*** FLOP *** [9h 4d 6s]
KOCETO_1992: checks 
Dorex2007: checks 
racprrr: checks 
GeorgianaBalan: checks 
*** TURN *** [9h 4d 6s] [9d]
KOCETO_1992: checks 
Dorex2007: bets $0.13
racprrr: calls $0.13
GeorgianaBalan: folds 
KOCETO_1992: folds 
*** RIVER *** [9h 4d 6s 9d] [9s]
Dorex2007: bets $0.22
racprrr: folds 
Uncalled bet ($0.22) returned to Dorex2007
Dorex2007 collected $0.44 from pot
Dorex2007: doesn't show hand 
*** SUMMARY ***
Total pot $0.46 | Rake $0.02 
Board [9h 4d 6s 9d 9s]
Seat 1: absfcknglyntley folded before Flop (didn't bet)
Seat 2: Rob1993P folded before Flop (didn't bet)
Seat 3: Piligrim_Serik folded before Flop (didn't bet)
Seat 4: HSR1 folded before Flop (didn't bet)
Seat 5: DrRaiseee folded before Flop (didn't bet)
Seat 6: GeorgianaBalan (button) folded on the Turn
Seat 7: KOCETO_1992 (small blind) folded on the Turn
Seat 8: Dorex2007 (big blind) collected ($0.44)
Seat 9: racprrr folded on the River



PokerStars Hand #238498839173:  Hold'em No Limit ($0.02/$0.05 USD) - 2022/09/08 11:34:42 PT [2022/09/08 14:34:42 ET]
Table 'Mizar II' 9-max Seat #7 is the button
Seat 1: absfcknglyntley ($5 in chips) 
Seat 2: Rob1993P ($7.34 in chips) 
Seat 3: Piligrim_Serik ($3.58 in chips) 
Seat 4: HSR1 ($4.60 in chips) 
Seat 5: DrRaiseee ($6.15 in chips) 
Seat 6: GeorgianaBalan ($5.70 in chips) 
Seat 7: KOCETO_1992 ($5.61 in chips) 
Seat 8: Dorex2007 ($9.68 in chips) 
Seat 9: racprrr ($4.82 in chips) 
Dorex2007: posts small blind $0.02
racprrr: posts big blind $0.05
*** HOLE CARDS ***
Dealt to Dorex2007 [5h Js]
absfcknglyntley: folds 
Rob1993P: folds 
Piligrim_Serik: folds 
HSR1: folds 
DrRaiseee: folds 
GeorgianaBalan: folds 
KOCETO_1992: raises $0.07 to $0.12
Dorex2007: folds 
racprrr: folds 
Uncalled bet ($0.07) returned to KOCETO_1992
KOCETO_1992 collected $0.12 from pot
*** SUMMARY ***
Total pot $0.12 | Rake $0 
Seat 1: absfcknglyntley folded before Flop (didn't bet)
Seat 2: Rob1993P folded before Flop (didn't bet)
Seat 3: Piligrim_Serik folded before Flop (didn't bet)
Seat 4: HSR1 folded before Flop (didn't bet)
Seat 5: DrRaiseee folded before Flop (didn't bet)
Seat 6: GeorgianaBalan folded before Flop (didn't bet)
Seat 7: KOCETO_1992 (button) collected ($0.12)
Seat 8: Dorex2007 (small blind) folded before Flop
Seat 9: racprrr (big blind) folded before Flop



PokerStars Hand #238498845243:  Hold'em No Limit ($0.02/$0.05 USD) - 2022/09/08 11:34:58 PT [2022/09/08 14:34:58 ET]
Table 'Mizar II' 9-max Seat #8 is the button
Seat 1: absfcknglyntley ($5 in chips) 
Seat 2: Rob1993P ($7.34 in chips) 
Seat 3: Piligrim_Serik ($3.58 in chips) 
Seat 4: HSR1 ($4.60 in chips) 
Seat 5: DrRaiseee ($6.15 in chips) 
Seat 6: GeorgianaBalan ($5.70 in chips) 
Seat 7: KOCETO_1992 ($5.68 in chips) 
Seat 8: Dorex2007 ($9.66 in chips) 
Seat 9: racprrr ($4.77 in chips) 
racprrr: posts small blind $0.02
absfcknglyntley: posts big blind $0.05
*** HOLE CARDS ***
Dealt to Dorex2007 [2h 2d]
Rob1993P: folds 
Piligrim_Serik: raises $0.05 to $0.10
HSR1: folds 
DrRaiseee: folds 
GeorgianaBalan: folds 
KOCETO_1992: folds 
Dorex2007: calls $0.10
racprrr: calls $0.08
absfcknglyntley: folds 
*** FLOP *** [6c As 2s]
racprrr: checks 
Piligrim_Serik: checks 
Dorex2007: bets $0.17
racprrr: folds 
Piligrim_Serik: folds 
Uncalled bet ($0.17) returned to Dorex2007
Dorex2007 collected $0.34 from pot
Dorex2007: doesn't show hand 
*** SUMMARY ***
Total pot $0.35 | Rake $0.01 
Board [6c As 2s]
Seat 1: absfcknglyntley (big blind) folded before Flop
Seat 2: Rob1993P folded before Flop (didn't bet)
Seat 3: Piligrim_Serik folded on the Flop
Seat 4: HSR1 folded before Flop (didn't bet)
Seat 5: DrRaiseee folded before Flop (didn't bet)
Seat 6: GeorgianaBalan folded before Flop (didn't bet)
Seat 7: KOCETO_1992 folded before Flop (didn't bet)
Seat 8: Dorex2007 (button) collected ($0.34)
Seat 9: racprrr (small blind) folded on the Flop



PokerStars Hand #238498860095:  Hold'em No Limit ($0.02/$0.05 USD) - 2022/09/08 11:35:37 PT [2022/09/08 14:35:37 ET]
Table 'Mizar II' 9-max Seat #9 is the button
Seat 1: absfcknglyntley ($5 in chips) 
Seat 2: Rob1993P ($7.34 in chips) 
Seat 3: Piligrim_Serik ($3.48 in chips) 
Seat 4: HSR1 ($4.60 in chips) 
Seat 5: DrRaiseee ($6.15 in chips) 
Seat 6: GeorgianaBalan ($5.70 in chips) 
Seat 7: KOCETO_1992 ($5.68 in chips) 
Seat 8: Dorex2007 ($9.90 in chips) 
Seat 9: racprrr ($4.67 in chips) 
absfcknglyntley: posts small blind $0.02
Rob1993P: posts big blind $0.05
*** HOLE CARDS ***
Dealt to Dorex2007 [4h 8s]
Piligrim_Serik: raises $0.05 to $0.10
HSR1: calls $0.10
DrRaiseee: folds 
GeorgianaBalan: folds 
KOCETO_1992: folds 
Dorex2007: folds 
racprrr: folds 
absfcknglyntley: folds 
Rob1993P: calls $0.05
*** FLOP *** [Kd 8d Qc]
Rob1993P: checks 
Piligrim_Serik: bets $0.16
HSR1: calls $0.16
Rob1993P: calls $0.16
*** TURN *** [Kd 8d Qc] [Ac]
Rob1993P: checks 
Piligrim_Serik: bets $0.77
HSR1: folds 
Rob1993P: calls $0.77
*** RIVER *** [Kd 8d Qc Ac] [5c]
Rob1993P: checks 
Piligrim_Serik: bets $0.05
Rob1993P: calls $0.05
*** SHOW DOWN ***
Piligrim_Serik: shows [6s Ah] (a pair of Aces)
Rob1993P: shows [Ad Ts] (a pair of Aces - King+Queen+Ten kicker)
Rob1993P collected $2.32 from pot
*** SUMMARY ***
Total pot $2.44 | Rake $0.12 
Board [Kd 8d Qc Ac 5c]
Seat 1: absfcknglyntley (small blind) folded before Flop
Seat 2: Rob1993P (big blind) showed [Ad Ts] and won ($2.32) with a pair of Aces
Seat 3: Piligrim_Serik showed [6s Ah] and lost with a pair of Aces
Seat 4: HSR1 folded on the Turn
Seat 5: DrRaiseee folded before Flop (didn't bet)
Seat 6: GeorgianaBalan folded before Flop (didn't bet)
Seat 7: KOCETO_1992 folded before Flop (didn't bet)
Seat 8: Dorex2007 folded before Flop (didn't bet)
Seat 9: racprrr (button) folded before Flop (didn't bet)



PokerStars Hand #238498882161:  Hold'em No Limit ($0.02/$0.05 USD) - 2022/09/08 11:36:35 PT [2022/09/08 14:36:35 ET]
Table 'Mizar II' 9-max Seat #1 is the button
Seat 1: absfcknglyntley ($5 in chips) 
Seat 2: Rob1993P ($8.58 in chips) 
Seat 3: Piligrim_Serik ($2.40 in chips) 
Seat 4: HSR1 ($4.34 in chips) 
Seat 5: DrRaiseee ($6.15 in chips) 
Seat 6: GeorgianaBalan ($5.70 in chips) 
Seat 7: KOCETO_1992 ($5.68 in chips) 
Seat 8: Dorex2007 ($9.90 in chips) 
Seat 9: racprrr ($4.67 in chips) 
Rob1993P: posts small blind $0.02
Piligrim_Serik: posts big blind $0.05
*** HOLE CARDS ***
Dealt to Dorex2007 [2h 4c]
HSR1: folds 
DrRaiseee: raises $0.10 to $0.15
GeorgianaBalan: folds 
KOCETO_1992: folds 
Dorex2007: folds 
racprrr: folds 
absfcknglyntley: folds 
Rob1993P: calls $0.13
Piligrim_Serik: raises $0.15 to $0.30
DrRaiseee: calls $0.15
Rob1993P: calls $0.15
*** FLOP *** [Kc 7d 4h]
Rob1993P: checks 
Piligrim_Serik: checks 
DrRaiseee: checks 
*** TURN *** [Kc 7d 4h] [8c]
Rob1993P: checks 
Piligrim_Serik: bets $0.43
DrRaiseee: folds 
Rob1993P: folds 
Uncalled bet ($0.43) returned to Piligrim_Serik
Piligrim_Serik collected $0.86 from pot
Piligrim_Serik: doesn't show hand 
*** SUMMARY ***
Total pot $0.90 | Rake $0.04 
Board [Kc 7d 4h 8c]
Seat 1: absfcknglyntley (button) folded before Flop (didn't bet)
Seat 2: Rob1993P (small blind) folded on the Turn
Seat 3: Piligrim_Serik (big blind) collected ($0.86)
Seat 4: HSR1 folded before Flop (didn't bet)
Seat 5: DrRaiseee folded on the Turn
Seat 6: GeorgianaBalan folded before Flop (didn't bet)
Seat 7: KOCETO_1992 folded before Flop (didn't bet)
Seat 8: Dorex2007 folded before Flop (didn't bet)
Seat 9: racprrr folded before Flop (didn't bet)



PokerStars Hand #238498911147:  Hold'em No Limit ($0.02/$0.05 USD) - 2022/09/08 11:37:50 PT [2022/09/08 14:37:50 ET]
Table 'Mizar II' 9-max Seat #2 is the button
Seat 1: absfcknglyntley ($5 in chips) 
Seat 2: Rob1993P ($8.28 in chips) 
Seat 3: Piligrim_Serik ($2.96 in chips) 
Seat 4: HSR1 ($4.34 in chips) 
Seat 5: DrRaiseee ($5.85 in chips) 
Seat 6: GeorgianaBalan ($5.70 in chips) 
Seat 7: KOCETO_1992 ($5.68 in chips) 
Seat 8: Dorex2007 ($9.90 in chips) 
Seat 9: racprrr ($4.67 in chips) 
Piligrim_Serik: posts small blind $0.02
HSR1: posts big blind $0.05
*** HOLE CARDS ***
Dealt to Dorex2007 [6s 3d]
DrRaiseee: folds 
GeorgianaBalan: folds 
KOCETO_1992: folds 
DrRaiseee leaves the table
Dorex2007: folds 
racprrr: folds 
absfcknglyntley: folds 
Rob1993P: raises $0.05 to $0.10
Piligrim_Serik: calls $0.08
HSR1: folds 
*** FLOP *** [Ad Th 2h]
Piligrim_Serik: checks 
Rob1993P: bets $0.05
hamiltonherm joins the table at seat #5 
Piligrim_Serik: calls $0.05
*** TURN *** [Ad Th 2h] [4c]
Piligrim_Serik: checks 
Rob1993P: bets $0.15
Piligrim_Serik: folds 
Uncalled bet ($0.15) returned to Rob1993P
Rob1993P collected $0.34 from pot
Rob1993P: doesn't show hand 
*** SUMMARY ***
Total pot $0.35 | Rake $0.01 
Board [Ad Th 2h 4c]
Seat 1: absfcknglyntley folded before Flop (didn't bet)
Seat 2: Rob1993P (button) collected ($0.34)
Seat 3: Piligrim_Serik (small blind) folded on the Turn
Seat 4: HSR1 (big blind) folded before Flop
Seat 5: DrRaiseee folded before Flop (didn't bet)
Seat 6: GeorgianaBalan folded before Flop (didn't bet)
Seat 7: KOCETO_1992 folded before Flop (didn't bet)
Seat 8: Dorex2007 folded before Flop (didn't bet)
Seat 9: racprrr folded before Flop (didn't bet)



PokerStars Hand #238498925685:  Hold'em No Limit ($0.02/$0.05 USD) - 2022/09/08 11:38:28 PT [2022/09/08 14:38:28 ET]
Table 'Mizar II' 9-max Seat #3 is the button
Seat 1: absfcknglyntley ($5 in chips) 
Seat 2: Rob1993P ($8.47 in chips) 
Seat 3: Piligrim_Serik ($2.81 in chips) 
Seat 4: HSR1 ($4.29 in chips) 
Seat 5: hamiltonherm ($5.65 in chips) 
Seat 6: GeorgianaBalan ($5.70 in chips) 
Seat 7: KOCETO_1992 ($5.68 in chips) 
Seat 8: Dorex2007 ($9.90 in chips) 
Seat 9: racprrr ($4.67 in chips) 
HSR1: posts small blind $0.02
hamiltonherm: posts big blind $0.05
*** HOLE CARDS ***
Dealt to Dorex2007 [Ah 6h]
GeorgianaBalan: calls $0.05
KOCETO_1992: folds 
Dorex2007: folds 
racprrr: folds 
absfcknglyntley: folds 
Rob1993P: folds 
Piligrim_Serik: calls $0.05
HSR1: folds 
hamiltonherm: checks 
*** FLOP *** [8s 7s 4c]
hamiltonherm: checks 
GeorgianaBalan: checks 
Piligrim_Serik: bets $0.16
hamiltonherm: folds 
GeorgianaBalan: folds 
Uncalled bet ($0.16) returned to Piligrim_Serik
Piligrim_Serik collected $0.16 from pot
Piligrim_Serik: doesn't show hand 
*** SUMMARY ***
Total pot $0.17 | Rake $0.01 
Board [8s 7s 4c]
Seat 1: absfcknglyntley folded before Flop (didn't bet)
Seat 2: Rob1993P folded before Flop (didn't bet)
Seat 3: Piligrim_Serik (button) collected ($0.16)
Seat 4: HSR1 (small blind) folded before Flop
Seat 5: hamiltonherm (big blind) folded on the Flop
Seat 6: GeorgianaBalan folded on the Flop
Seat 7: KOCETO_1992 folded before Flop (didn't bet)
Seat 8: Dorex2007 folded before Flop (didn't bet)
Seat 9: racprrr folded before Flop (didn't bet)



PokerStars Hand #238498939721:  Hold'em No Limit ($0.02/$0.05 USD) - 2022/09/08 11:39:05 PT [2022/09/08 14:39:05 ET]
Table 'Mizar II' 9-max Seat #4 is the button
Seat 1: absfcknglyntley ($5 in chips) 
Seat 2: Rob1993P ($8.47 in chips) 
Seat 3: Piligrim_Serik ($2.92 in chips) 
Seat 4: HSR1 ($4.27 in chips) 
Seat 5: hamiltonherm ($5.60 in chips) 
Seat 6: GeorgianaBalan ($5.65 in chips) 
Seat 7: KOCETO_1992 ($5.68 in chips) 
Seat 8: Dorex2007 ($9.90 in chips) 
Seat 9: racprrr ($4.67 in chips) 
hamiltonherm: posts small blind $0.02
GeorgianaBalan: posts big blind $0.05
*** HOLE CARDS ***
Dealt to Dorex2007 [3h 4s]
KOCETO_1992: folds 
Dorex2007: folds 
racprrr: calls $0.05
absfcknglyntley: folds 
Rob1993P: folds 
Piligrim_Serik: calls $0.05
HSR1: folds 
hamiltonherm: calls $0.03
GeorgianaBalan: checks 
*** FLOP *** [6h Kh Qs]
hamiltonherm: checks 
GeorgianaBalan: checks 
racprrr: checks 
Piligrim_Serik: checks 
*** TURN *** [6h Kh Qs] [8h]
hamiltonherm: checks 
GeorgianaBalan: checks 
racprrr: checks 
Piligrim_Serik: bets $0.19
hamiltonherm: folds 
GeorgianaBalan: folds 
racprrr: folds 
Uncalled bet ($0.19) returned to Piligrim_Serik
Piligrim_Serik collected $0.19 from pot
Piligrim_Serik: doesn't show hand 
*** SUMMARY ***
Total pot $0.20 | Rake $0.01 
Board [6h Kh Qs 8h]
Seat 1: absfcknglyntley folded before Flop (didn't bet)
Seat 2: Rob1993P folded before Flop (didn't bet)
Seat 3: Piligrim_Serik collected ($0.19)
Seat 4: HSR1 (button) folded before Flop (didn't bet)
Seat 5: hamiltonherm (small blind) folded on the Turn
Seat 6: GeorgianaBalan (big blind) folded on the Turn
Seat 7: KOCETO_1992 folded before Flop (didn't bet)
Seat 8: Dorex2007 folded before Flop (didn't bet)
Seat 9: racprrr folded on the Turn



PokerStars Hand #238498958443:  Hold'em No Limit ($0.02/$0.05 USD) - 2022/09/08 11:39:54 PT [2022/09/08 14:39:54 ET]
Table 'Mizar II' 9-max Seat #5 is the button
Seat 1: absfcknglyntley ($5 in chips) 
Seat 2: Rob1993P ($8.47 in chips) 
Seat 3: Piligrim_Serik ($3.06 in chips) 
Seat 4: HSR1 ($4.27 in chips) 
Seat 5: hamiltonherm ($5.55 in chips) 
Seat 6: GeorgianaBalan ($5.60 in chips) 
Seat 7: KOCETO_1992 ($5.68 in chips) 
Seat 8: Dorex2007 ($9.90 in chips) 
Seat 9: racprrr ($4.62 in chips) 
GeorgianaBalan: posts small blind $0.02
KOCETO_1992: posts big blind $0.05
*** HOLE CARDS ***
Dealt to Dorex2007 [Qd 9d]
Dorex2007: folds 
racprrr: folds 
absfcknglyntley: folds 
Rob1993P: folds 
Piligrim_Serik: folds 
HSR1: folds 
hamiltonherm: folds 
GeorgianaBalan: raises $0.10 to $0.15
KOCETO_1992: folds 
Uncalled bet ($0.10) returned to GeorgianaBalan
GeorgianaBalan collected $0.10 from pot
*** SUMMARY ***
Total pot $0.10 | Rake $0 
Seat 1: absfcknglyntley folded before Flop (didn't bet)
Seat 2: Rob1993P folded before Flop (didn't bet)
Seat 3: Piligrim_Serik folded before Flop (didn't bet)
Seat 4: HSR1 folded before Flop (didn't bet)
Seat 5: hamiltonherm (button) folded before Flop (didn't bet)
Seat 6: GeorgianaBalan (small blind) collected ($0.10)
Seat 7: KOCETO_1992 (big blind) folded before Flop
Seat 8: Dorex2007 folded before Flop (didn't bet)
Seat 9: racprrr folded before Flop (didn't bet)



PokerStars Hand #238498966391:  Hold'em No Limit ($0.02/$0.05 USD) - 2022/09/08 11:40:15 PT [2022/09/08 14:40:15 ET]
Table 'Mizar II' 9-max Seat #6 is the button
Seat 1: absfcknglyntley ($5 in chips) 
Seat 2: Rob1993P ($8.47 in chips) 
Seat 3: Piligrim_Serik ($3.06 in chips) 
Seat 4: HSR1 ($4.27 in chips) 
Seat 5: hamiltonherm ($5.55 in chips) 
Seat 6: GeorgianaBalan ($5.65 in chips) 
Seat 7: KOCETO_1992 ($5.63 in chips) 
Seat 8: Dorex2007 ($9.90 in chips) 
Seat 9: racprrr ($4.62 in chips) 
KOCETO_1992: posts small blind $0.02
Dorex2007: posts big blind $0.05
*** HOLE CARDS ***
Dealt to Dorex2007 [As Qd]
racprrr has timed out
racprrr: folds 
absfcknglyntley: folds 
Rob1993P: folds 
Piligrim_Serik: folds 
HSR1: folds 
hamiltonherm: folds 
GeorgianaBalan: folds 
KOCETO_1992: folds 
Uncalled bet ($0.03) returned to Dorex2007
Dorex2007 collected $0.04 from pot
Dorex2007: doesn't show hand 
*** SUMMARY ***
Total pot $0.04 | Rake $0 
Seat 1: absfcknglyntley folded before Flop (didn't bet)
Seat 2: Rob1993P folded before Flop (didn't bet)
Seat 3: Piligrim_Serik folded before Flop (didn't bet)
Seat 4: HSR1 folded before Flop (didn't bet)
Seat 5: hamiltonherm folded before Flop (didn't bet)
Seat 6: GeorgianaBalan (button) folded before Flop (didn't bet)
Seat 7: KOCETO_1992 (small blind) folded before Flop
Seat 8: Dorex2007 (big blind) collected ($0.04)
Seat 9: racprrr folded before Flop (didn't bet)



PokerStars Hand #238498975300:  Hold'em No Limit ($0.02/$0.05 USD) - 2022/09/08 11:40:38 PT [2022/09/08 14:40:38 ET]
Table 'Mizar II' 9-max Seat #7 is the button
Seat 1: absfcknglyntley ($5 in chips) 
Seat 2: Rob1993P ($8.47 in chips) 
Seat 3: Piligrim_Serik ($3.06 in chips) 
Seat 4: HSR1 ($4.27 in chips) 
Seat 5: hamiltonherm ($5.55 in chips) 
Seat 6: GeorgianaBalan ($5.65 in chips) 
Seat 7: KOCETO_1992 ($5.61 in chips) 
Seat 8: Dorex2007 ($9.92 in chips) 
Seat 9: racprrr ($4.62 in chips) 
Dorex2007: posts small blind $0.02
racprrr: posts big blind $0.05
*** HOLE CARDS ***
Dealt to Dorex2007 [4s Qc]
absfcknglyntley: folds 
Rob1993P: folds 
Piligrim_Serik: folds 
HSR1: folds 
hamiltonherm: calls $0.05
GeorgianaBalan: folds 
KOCETO_1992: folds 
Dorex2007: folds 
racprrr: checks 
*** FLOP *** [9d Ah 7d]
racprrr: checks 
hamiltonherm: checks 
*** TURN *** [9d Ah 7d] [Qd]
racprrr: checks 
hamiltonherm: checks 
*** RIVER *** [9d Ah 7d Qd] [Th]
racprrr: checks 
hamiltonherm: checks 
*** SHOW DOWN ***
racprrr: shows [Jh 2c] (high card Ace)
hamiltonherm: mucks hand 
racprrr collected $0.12 from pot
*** SUMMARY ***
Total pot $0.12 | Rake $0 
Board [9d Ah 7d Qd Th]
Seat 1: absfcknglyntley folded before Flop (didn't bet)
Seat 2: Rob1993P folded before Flop (didn't bet)
Seat 3: Piligrim_Serik folded before Flop (didn't bet)
Seat 4: HSR1 folded before Flop (didn't bet)
Seat 5: hamiltonherm mucked [6s 3s]
Seat 6: GeorgianaBalan folded before Flop (didn't bet)
Seat 7: KOCETO_1992 (button) folded before Flop (didn't bet)
Seat 8: Dorex2007 (small blind) folded before Flop
Seat 9: racprrr (big blind) showed [Jh 2c] and won ($0.12) with high card Ace



PokerStars Hand #238498997382:  Hold'em No Limit ($0.02/$0.05 USD) - 2022/09/08 11:41:36 PT [2022/09/08 14:41:36 ET]
Table 'Mizar II' 9-max Seat #8 is the button
Seat 1: absfcknglyntley ($5 in chips) 
Seat 2: Rob1993P ($8.47 in chips) 
Seat 3: Piligrim_Serik ($3.06 in chips) 
Seat 4: HSR1 ($4.27 in chips) 
Seat 5: hamiltonherm ($5.50 in chips) 
Seat 6: GeorgianaBalan ($5.65 in chips) 
Seat 7: KOCETO_1992 ($5.61 in chips) 
Seat 8: Dorex2007 ($9.90 in chips) 
Seat 9: racprrr ($4.69 in chips) 
racprrr: posts small blind $0.02
absfcknglyntley: posts big blind $0.05
*** HOLE CARDS ***
Dealt to Dorex2007 [Kc 2s]
Rob1993P has timed out
Rob1993P: folds 
Piligrim_Serik: calls $0.05
HSR1: raises $0.17 to $0.22
hamiltonherm: folds 
GeorgianaBalan: calls $0.22
KOCETO_1992: folds 
Dorex2007: folds 
racprrr: folds 
absfcknglyntley: folds 
Piligrim_Serik: calls $0.17
*** FLOP *** [8d 9d 9h]
Piligrim_Serik is disconnected 
Piligrim_Serik has timed out while disconnected
Piligrim_Serik: checks 
HSR1: checks 
GeorgianaBalan: bets $5.43 and is all-in
Piligrim_Serik is connected 
Piligrim_Serik: folds 
HSR1: folds 
Uncalled bet ($5.43) returned to GeorgianaBalan
GeorgianaBalan collected $0.70 from pot
*** SUMMARY ***
Total pot $0.73 | Rake $0.03 
Board [8d 9d 9h]
Seat 1: absfcknglyntley (big blind) folded before Flop
Seat 2: Rob1993P folded before Flop (didn't bet)
Seat 3: Piligrim_Serik folded on the Flop
Seat 4: HSR1 folded on the Flop
Seat 5: hamiltonherm folded before Flop (didn't bet)
Seat 6: GeorgianaBalan collected ($0.70)
Seat 7: KOCETO_1992 folded before Flop (didn't bet)
Seat 8: Dorex2007 (button) folded before Flop (didn't bet)
Seat 9: racprrr (small blind) folded before Flop



PokerStars Hand #238499073372:  Hold'em No Limit ($0.02/$0.05 USD) - 2022/09/08 11:44:54 PT [2022/09/08 14:44:54 ET]
Table 'Mizar II' 9-max Seat #9 is the button
Seat 1: absfcknglyntley ($5 in chips) 
Seat 2: Rob1993P ($8.47 in chips) 
Seat 3: Piligrim_Serik ($2.84 in chips) 
Seat 4: HSR1 ($4.05 in chips) 
Seat 5: hamiltonherm ($5.50 in chips) 
Seat 6: GeorgianaBalan ($6.13 in chips) 
Seat 7: KOCETO_1992 ($5.61 in chips) 
Seat 8: Dorex2007 ($9.90 in chips) 
Seat 9: racprrr ($4.67 in chips) 
absfcknglyntley: posts small blind $0.02
Rob1993P: posts big blind $0.05
*** HOLE CARDS ***
Dealt to Dorex2007 [2h 9c]
Piligrim_Serik: calls $0.05
HSR1: folds 
hamiltonherm: folds 
GeorgianaBalan: folds 
KOCETO_1992: folds 
Dorex2007: folds 
racprrr: folds 
absfcknglyntley: folds 
Rob1993P: checks 
*** FLOP *** [3d Ad Ts]
Rob1993P: bets $0.10
Piligrim_Serik: folds 
Uncalled bet ($0.10) returned to Rob1993P
Rob1993P collected $0.12 from pot
Rob1993P: doesn't show hand 
*** SUMMARY ***
Total pot $0.12 | Rake $0 
Board [3d Ad Ts]
Seat 1: absfcknglyntley (small blind) folded before Flop
Seat 2: Rob1993P (big blind) collected ($0.12)
Seat 3: Piligrim_Serik folded on the Flop
Seat 4: HSR1 folded before Flop (didn't bet)
Seat 5: hamiltonherm folded before Flop (didn't bet)
Seat 6: GeorgianaBalan folded before Flop (didn't bet)
Seat 7: KOCETO_1992 folded before Flop (didn't bet)
Seat 8: Dorex2007 folded before Flop (didn't bet)
Seat 9: racprrr (button) folded before Flop (didn't bet)



PokerStars Hand #238499082077:  Hold'em No Limit ($0.02/$0.05 USD) - 2022/09/08 11:45:17 PT [2022/09/08 14:45:17 ET]
Table 'Mizar II' 9-max Seat #1 is the button
Seat 1: absfcknglyntley ($5 in chips) 
Seat 2: Rob1993P ($8.54 in chips) 
Seat 3: Piligrim_Serik ($2.79 in chips) 
Seat 4: HSR1 ($4.05 in chips) 
Seat 5: hamiltonherm ($5.50 in chips) 
Seat 6: GeorgianaBalan ($6.13 in chips) 
Seat 7: KOCETO_1992 ($5.61 in chips) 
Seat 8: Dorex2007 ($9.90 in chips) 
Seat 9: racprrr ($4.67 in chips) 
Rob1993P: posts small blind $0.02
Piligrim_Serik: posts big blind $0.05
*** HOLE CARDS ***
Dealt to Dorex2007 [Kh 5c]
HSR1: folds 
hamiltonherm: folds 
GeorgianaBalan: folds 
KOCETO_1992: raises $0.07 to $0.12
Dorex2007: folds 
racprrr: folds 
absfcknglyntley: raises $0.33 to $0.45
Rob1993P: folds 
Piligrim_Serik: calls $0.40
KOCETO_1992: folds 
*** FLOP *** [6s Kc 9d]
Piligrim_Serik: bets $0.50
absfcknglyntley: calls $0.50
*** TURN *** [6s Kc 9d] [3s]
Piligrim_Serik: checks 
absfcknglyntley: bets $0.98
Piligrim_Serik: folds 
Uncalled bet ($0.98) returned to absfcknglyntley
absfcknglyntley collected $1.96 from pot
absfcknglyntley: doesn't show hand 
*** SUMMARY ***
Total pot $2.04 | Rake $0.08 
Board [6s Kc 9d 3s]
Seat 1: absfcknglyntley (button) collected ($1.96)
Seat 2: Rob1993P (small blind) folded before Flop
Seat 3: Piligrim_Serik (big blind) folded on the Turn
Seat 4: HSR1 folded before Flop (didn't bet)
Seat 5: hamiltonherm folded before Flop (didn't bet)
Seat 6: GeorgianaBalan folded before Flop (didn't bet)
Seat 7: KOCETO_1992 folded before Flop
Seat 8: Dorex2007 folded before Flop (didn't bet)
Seat 9: racprrr folded before Flop (didn't bet)



PokerStars Hand #238499110305:  Hold'em No Limit ($0.02/$0.05 USD) - 2022/09/08 11:46:31 PT [2022/09/08 14:46:31 ET]
Table 'Mizar II' 9-max Seat #2 is the button
Seat 1: absfcknglyntley ($6.01 in chips) 
Seat 2: Rob1993P ($8.52 in chips) 
Seat 3: Piligrim_Serik ($1.84 in chips) 
Seat 4: HSR1 ($4.05 in chips) 
Seat 5: hamiltonherm ($5.50 in chips) 
Seat 6: GeorgianaBalan ($6.13 in chips) 
Seat 7: KOCETO_1992 ($5.49 in chips) 
Seat 8: Dorex2007 ($9.90 in chips) 
Seat 9: racprrr ($4.67 in chips) 
Piligrim_Serik: posts small blind $0.02
HSR1: posts big blind $0.05
*** HOLE CARDS ***
Dealt to Dorex2007 [6d Qc]
hamiltonherm: folds 
GeorgianaBalan: folds 
KOCETO_1992: folds 
Dorex2007: folds 
racprrr: calls $0.05
absfcknglyntley: folds 
Rob1993P: raises $0.10 to $0.15
Piligrim_Serik: calls $0.13
HSR1: folds 
racprrr: calls $0.10
*** FLOP *** [4d 5h Jc]
Piligrim_Serik: checks 
racprrr: checks 
Rob1993P: bets $0.24
Piligrim_Serik: folds 
racprrr: folds 
Uncalled bet ($0.24) returned to Rob1993P
Rob1993P collected $0.48 from pot
Rob1993P: doesn't show hand 
*** SUMMARY ***
Total pot $0.50 | Rake $0.02 
Board [4d 5h Jc]
Seat 1: absfcknglyntley folded before Flop (didn't bet)
Seat 2: Rob1993P (button) collected ($0.48)
Seat 3: Piligrim_Serik (small blind) folded on the Flop
Seat 4: HSR1 (big blind) folded before Flop
Seat 5: hamiltonherm folded before Flop (didn't bet)
Seat 6: GeorgianaBalan folded before Flop (didn't bet)
Seat 7: KOCETO_1992 folded before Flop (didn't bet)
Seat 8: Dorex2007 folded before Flop (didn't bet)
Seat 9: racprrr folded on the Flop



PokerStars Hand #238499130008:  Hold'em No Limit ($0.02/$0.05 USD) - 2022/09/08 11:47:22 PT [2022/09/08 14:47:22 ET]
Table 'Mizar II' 9-max Seat #3 is the button
Seat 1: absfcknglyntley ($6.01 in chips) 
Seat 2: Rob1993P ($8.85 in chips) 
Seat 3: Piligrim_Serik ($1.69 in chips) 
Seat 4: HSR1 ($4 in chips) 
Seat 5: hamiltonherm ($5.50 in chips) 
Seat 6: GeorgianaBalan ($6.13 in chips) 
Seat 7: KOCETO_1992 ($5.49 in chips) 
Seat 8: Dorex2007 ($9.90 in chips) 
Seat 9: racprrr ($4.52 in chips) 
HSR1: posts small blind $0.02
hamiltonherm: posts big blind $0.05
*** HOLE CARDS ***
Dealt to Dorex2007 [5h 5c]
GeorgianaBalan: folds 
KOCETO_1992: folds 
Dorex2007: raises $0.05 to $0.10
racprrr: folds 
absfcknglyntley: folds 
Rob1993P: folds 
Rob1993P leaves the table
Piligrim_Serik: raises $0.05 to $0.15
HSR1: folds 
hamiltonherm: folds 
Dorex2007: calls $0.05
*** FLOP *** [2c Kd 4s]
Dorex2007: bets $0.17
Piligrim_Serik: raises $1.37 to $1.54 and is all-in
Dorex2007: folds 
Uncalled bet ($1.37) returned to Piligrim_Serik
Piligrim_Serik collected $0.68 from pot
Piligrim_Serik: doesn't show hand 
*** SUMMARY ***
Total pot $0.71 | Rake $0.03 
Board [2c Kd 4s]
Seat 1: absfcknglyntley folded before Flop (didn't bet)
Seat 2: Rob1993P folded before Flop (didn't bet)
Seat 3: Piligrim_Serik (button) collected ($0.68)
Seat 4: HSR1 (small blind) folded before Flop
Seat 5: hamiltonherm (big blind) folded before Flop
Seat 6: GeorgianaBalan folded before Flop (didn't bet)
Seat 7: KOCETO_1992 folded before Flop (didn't bet)
Seat 8: Dorex2007 folded on the Flop
Seat 9: racprrr folded before Flop (didn't bet)



PokerStars Hand #238499144479:  Hold'em No Limit ($0.02/$0.05 USD) - 2022/09/08 11:47:59 PT [2022/09/08 14:47:59 ET]
Table 'Mizar II' 9-max Seat #4 is the button
Seat 1: absfcknglyntley ($6.01 in chips) 
Seat 3: Piligrim_Serik ($2.05 in chips) 
Seat 4: HSR1 ($3.98 in chips) 
Seat 5: hamiltonherm ($5.45 in chips) 
Seat 6: GeorgianaBalan ($6.13 in chips) 
Seat 7: KOCETO_1992 ($5.49 in chips) 
Seat 8: Dorex2007 ($9.58 in chips) 
Seat 9: racprrr ($4.52 in chips) 
hamiltonherm: posts small blind $0.02
GeorgianaBalan: posts big blind $0.05
*** HOLE CARDS ***
Dealt to Dorex2007 [Ts 4h]
KOCETO_1992: calls $0.05
Dorex2007: folds 
racprrr: folds 
absfcknglyntley: folds 
Piligrim_Serik: raises $0.10 to $0.15
HSR1: folds 
hamiltonherm has timed out
hamiltonherm: folds 
GeorgianaBalan: folds 
KOCETO_1992: calls $0.10
*** FLOP *** [9d 6h Kc]
KOCETO_1992: checks 
Piligrim_Serik: bets $0.18
HSR1 leaves the table
KOCETO_1992: folds 
Uncalled bet ($0.18) returned to Piligrim_Serik
Piligrim_Serik collected $0.35 from pot
Piligrim_Serik: doesn't show hand 
*** SUMMARY ***
Total pot $0.37 | Rake $0.02 
Board [9d 6h Kc]
Seat 1: absfcknglyntley folded before Flop (didn't bet)
Seat 3: Piligrim_Serik collected ($0.35)
Seat 4: HSR1 (button) folded before Flop (didn't bet)
Seat 5: hamiltonherm (small blind) folded before Flop
Seat 6: GeorgianaBalan (big blind) folded before Flop
Seat 7: KOCETO_1992 folded on the Flop
Seat 8: Dorex2007 folded before Flop (didn't bet)
Seat 9: racprrr folded before Flop (didn't bet)



PokerStars Hand #238499171811:  Hold'em No Limit ($0.02/$0.05 USD) - 2022/09/08 11:49:10 PT [2022/09/08 14:49:10 ET]
Table 'Mizar II' 9-max Seat #6 is the button
Seat 1: absfcknglyntley ($6.01 in chips) 
Seat 3: Piligrim_Serik ($2.25 in chips) 
Seat 6: GeorgianaBalan ($6.08 in chips) 
Seat 7: KOCETO_1992 ($5.34 in chips) 
Seat 8: Dorex2007 ($9.58 in chips) 
Seat 9: racprrr ($4.52 in chips) 
KOCETO_1992: posts small blind $0.02
Dorex2007: posts big blind $0.05
*** HOLE CARDS ***
Dealt to Dorex2007 [6d 2d]
Jacklefort joins the table at seat #4 
racprrr: folds 
absfcknglyntley: folds 
Piligrim_Serik: raises $0.10 to $0.15
GeorgianaBalan: folds 
KOCETO_1992: folds 
Dorex2007: folds 
Uncalled bet ($0.10) returned to Piligrim_Serik
Piligrim_Serik collected $0.12 from pot
Piligrim_Serik: doesn't show hand 
*** SUMMARY ***
Total pot $0.12 | Rake $0 
Seat 1: absfcknglyntley folded before Flop (didn't bet)
Seat 3: Piligrim_Serik collected ($0.12)
Seat 6: GeorgianaBalan (button) folded before Flop (didn't bet)
Seat 7: KOCETO_1992 (small blind) folded before Flop
Seat 8: Dorex2007 (big blind) folded before Flop
Seat 9: racprrr folded before Flop (didn't bet)



PokerStars Hand #238499178854:  Hold'em No Limit ($0.02/$0.05 USD) - 2022/09/08 11:49:28 PT [2022/09/08 14:49:28 ET]
Table 'Mizar II' 9-max Seat #7 is the button
Seat 1: absfcknglyntley ($6.01 in chips) 
Seat 3: Piligrim_Serik ($2.32 in chips) 
Seat 6: GeorgianaBalan ($6.08 in chips) 
Seat 7: KOCETO_1992 ($5.32 in chips) 
Seat 8: Dorex2007 ($9.53 in chips) 
Seat 9: racprrr ($4.52 in chips) 
Dorex2007: posts small blind $0.02
racprrr: posts big blind $0.05
Jacklefort: sits out 
*** HOLE CARDS ***
Dealt to Dorex2007 [Jh 6c]
absfcknglyntley: folds 
Piligrim_Serik: calls $0.05
GeorgianaBalan: folds 
KOCETO_1992: folds 
Dorex2007: calls $0.03
racprrr: checks 
*** FLOP *** [3h Jc 5h]
Dorex2007: bets $0.14
racprrr: folds 
Piligrim_Serik: calls $0.14
*** TURN *** [3h Jc 5h] [6h]
Dorex2007: bets $0.41
Piligrim_Serik: calls $0.41
*** RIVER *** [3h Jc 5h 6h] [Qh]
Dorex2007: bets $1.20
Warheart290288 joins the table at seat #2 
Piligrim_Serik: folds 
Uncalled bet ($1.20) returned to Dorex2007
Dorex2007 collected $1.20 from pot
Dorex2007: doesn't show hand 
*** SUMMARY ***
Total pot $1.25 | Rake $0.05 
Board [3h Jc 5h 6h Qh]
Seat 1: absfcknglyntley folded before Flop (didn't bet)
Seat 3: Piligrim_Serik folded on the River
Seat 6: GeorgianaBalan folded before Flop (didn't bet)
Seat 7: KOCETO_1992 (button) folded before Flop (didn't bet)
Seat 8: Dorex2007 (small blind) collected ($1.20)
Seat 9: racprrr (big blind) folded on the Flop



PokerStars Hand #238499194057:  Hold'em No Limit ($0.02/$0.05 USD) - 2022/09/08 11:50:08 PT [2022/09/08 14:50:08 ET]
Table 'Mizar II' 9-max Seat #8 is the button
Seat 1: absfcknglyntley ($6.01 in chips) 
Seat 3: Piligrim_Serik ($1.72 in chips) 
Seat 6: GeorgianaBalan ($6.08 in chips) 
Seat 7: KOCETO_1992 ($5.32 in chips) 
Seat 8: Dorex2007 ($10.13 in chips) 
Seat 9: racprrr ($4.47 in chips) 
racprrr: posts small blind $0.02
absfcknglyntley: posts big blind $0.05
Warheart290288: sits out 
Jacklefort: sits out 
*** HOLE CARDS ***
Dealt to Dorex2007 [3d 4c]
Piligrim_Serik: raises $0.05 to $0.10
GeorgianaBalan: folds 
KOCETO_1992: folds 
Dorex2007: folds 
racprrr: calls $0.08
absfcknglyntley: calls $0.05
*** FLOP *** [Qh 8c Qc]
racprrr: checks 
absfcknglyntley: checks 
Piligrim_Serik: bets $1.62 and is all-in
racprrr: folds 
absfcknglyntley: folds 
Uncalled bet ($1.62) returned to Piligrim_Serik
Piligrim_Serik collected $0.29 from pot
Piligrim_Serik: doesn't show hand 
*** SUMMARY ***
Total pot $0.30 | Rake $0.01 
Board [Qh 8c Qc]
Seat 1: absfcknglyntley (big blind) folded on the Flop
Seat 3: Piligrim_Serik collected ($0.29)
Seat 6: GeorgianaBalan folded before Flop (didn't bet)
Seat 7: KOCETO_1992 folded before Flop (didn't bet)
Seat 8: Dorex2007 (button) folded before Flop (didn't bet)
Seat 9: racprrr (small blind) folded on the Flop



PokerStars Hand #238499203913:  Hold'em No Limit ($0.02/$0.05 USD) - 2022/09/08 11:50:34 PT [2022/09/08 14:50:34 ET]
Table 'Mizar II' 9-max Seat #9 is the button
Seat 1: absfcknglyntley ($5.91 in chips) 
Seat 2: Warheart290288 ($5 in chips) 
Seat 3: Piligrim_Serik ($1.91 in chips) 
Seat 6: GeorgianaBalan ($6.08 in chips) 
Seat 7: KOCETO_1992 ($5.32 in chips) 
Seat 8: Dorex2007 ($10.13 in chips) 
Seat 9: racprrr ($4.37 in chips) 
absfcknglyntley: posts small blind $0.02
Warheart290288: posts big blind $0.05
Jacklefort: sits out 
*** HOLE CARDS ***
Dealt to Dorex2007 [Ks Ah]
Piligrim_Serik: calls $0.05
GeorgianaBalan: folds 
KOCETO_1992: folds 
Dorex2007: raises $0.10 to $0.15
racprrr: folds 
absfcknglyntley: folds 
Warheart290288: folds 
Piligrim_Serik: calls $0.10
*** FLOP *** [3s 4s 9h]
Piligrim_Serik: checks 
Dorex2007: bets $0.35
Piligrim_Serik: folds 
Uncalled bet ($0.35) returned to Dorex2007
Dorex2007 collected $0.35 from pot
Dorex2007: doesn't show hand 
*** SUMMARY ***
Total pot $0.37 | Rake $0.02 
Board [3s 4s 9h]
Seat 1: absfcknglyntley (small blind) folded before Flop
Seat 2: Warheart290288 (big blind) folded before Flop
Seat 3: Piligrim_Serik folded on the Flop
Seat 6: GeorgianaBalan folded before Flop (didn't bet)
Seat 7: KOCETO_1992 folded before Flop (didn't bet)
Seat 8: Dorex2007 collected ($0.35)
Seat 9: racprrr (button) folded before Flop (didn't bet)



PokerStars Hand #238499216459:  Hold'em No Limit ($0.02/$0.05 USD) - 2022/09/08 11:51:06 PT [2022/09/08 14:51:06 ET]
Table 'Mizar II' 9-max Seat #1 is the button
Seat 1: absfcknglyntley ($5.89 in chips) 
Seat 2: Warheart290288 ($4.95 in chips) 
Seat 3: Piligrim_Serik ($1.76 in chips) 
Seat 6: GeorgianaBalan ($6.08 in chips) 
Seat 7: KOCETO_1992 ($5.32 in chips) 
Seat 8: Dorex2007 ($10.33 in chips) 
Seat 9: racprrr ($4.37 in chips) 
Warheart290288: posts small blind $0.02
Piligrim_Serik: posts big blind $0.05
Jacklefort: sits out 
*** HOLE CARDS ***
Dealt to Dorex2007 [Jd 8h]
GeorgianaBalan: folds 
KOCETO_1992: folds 
Dorex2007: folds 
racprrr: folds 
absfcknglyntley: folds 
Warheart290288: calls $0.03
Piligrim_Serik: checks 
*** FLOP *** [5s Td 9h]
Warheart290288: bets $0.10
Piligrim_Serik: raises $0.10 to $0.20
Warheart290288: calls $0.10
*** TURN *** [5s Td 9h] [Ah]
Warheart290288: checks 
Piligrim_Serik: checks 
*** RIVER *** [5s Td 9h Ah] [6s]
Warheart290288: bets $0.15
Piligrim_Serik: folds 
Uncalled bet ($0.15) returned to Warheart290288
Warheart290288 collected $0.48 from pot
*** SUMMARY ***
Total pot $0.50 | Rake $0.02 
Board [5s Td 9h Ah 6s]
Seat 1: absfcknglyntley (button) folded before Flop (didn't bet)
Seat 2: Warheart290288 (small blind) collected ($0.48)
Seat 3: Piligrim_Serik (big blind) folded on the River
Seat 6: GeorgianaBalan folded before Flop (didn't bet)
Seat 7: KOCETO_1992 folded before Flop (didn't bet)
Seat 8: Dorex2007 folded before Flop (didn't bet)
Seat 9: racprrr folded before Flop (didn't bet)



PokerStars Hand #238499232217:  Hold'em No Limit ($0.02/$0.05 USD) - 2022/09/08 11:51:46 PT [2022/09/08 14:51:46 ET]
Table 'Mizar II' 9-max Seat #2 is the button
Seat 1: absfcknglyntley ($5.89 in chips) 
Seat 2: Warheart290288 ($5.18 in chips) 
Seat 3: Piligrim_Serik ($1.51 in chips) 
Seat 4: Jacklefort ($5 in chips) 
Seat 6: GeorgianaBalan ($6.08 in chips) 
Seat 7: KOCETO_1992 ($5.32 in chips) 
Seat 8: Dorex2007 ($10.33 in chips) 
Seat 9: racprrr ($4.37 in chips) 
Piligrim_Serik: posts small blind $0.02
Jacklefort: posts big blind $0.05
*** HOLE CARDS ***
Dealt to Dorex2007 [9c Qs]
GeorgianaBalan: folds 
KOCETO_1992: folds 
Dorex2007: folds 
racprrr: raises $0.10 to $0.15
absfcknglyntley: folds 
Warheart290288: calls $0.15
Piligrim_Serik: raises $0.15 to $0.30
Jacklefort: folds 
racprrr: calls $0.15
Warheart290288: calls $0.15
*** FLOP *** [Jh 5d 2s]
Piligrim_Serik: bets $1.21 and is all-in
racprrr: folds 
Warheart290288: folds 
Uncalled bet ($1.21) returned to Piligrim_Serik
Piligrim_Serik collected $0.91 from pot
Piligrim_Serik: doesn't show hand 
*** SUMMARY ***
Total pot $0.95 | Rake $0.04 
Board [Jh 5d 2s]
Seat 1: absfcknglyntley folded before Flop (didn't bet)
Seat 2: Warheart290288 (button) folded on the Flop
Seat 3: Piligrim_Serik (small blind) collected ($0.91)
Seat 4: Jacklefort (big blind) folded before Flop
Seat 6: GeorgianaBalan folded before Flop (didn't bet)
Seat 7: KOCETO_1992 folded before Flop (didn't bet)
Seat 8: Dorex2007 folded before Flop (didn't bet)
Seat 9: racprrr folded on the Flop



PokerStars Hand #238499247189:  Hold'em No Limit ($0.02/$0.05 USD) - 2022/09/08 11:52:25 PT [2022/09/08 14:52:25 ET]
Table 'Mizar II' 9-max Seat #3 is the button
Seat 1: absfcknglyntley ($5.89 in chips) 
Seat 2: Warheart290288 ($4.88 in chips) 
Seat 3: Piligrim_Serik ($2.12 in chips) 
Seat 4: Jacklefort ($4.95 in chips) 
Seat 6: GeorgianaBalan ($6.08 in chips) 
Seat 7: KOCETO_1992 ($5.32 in chips) 
Seat 8: Dorex2007 ($10.33 in chips) 
Seat 9: racprrr ($4.07 in chips) 
Jacklefort: posts small blind $0.02
GeorgianaBalan: posts big blind $0.05
*** HOLE CARDS ***
Dealt to Dorex2007 [2d Jh]
KOCETO_1992: folds 
Dorex2007: folds 
racprrr: folds 
absfcknglyntley: folds 
Warheart290288: calls $0.05
Piligrim_Serik: folds 
Jacklefort: folds 
GeorgianaBalan: checks 
*** FLOP *** [9h Kc Qs]
GeorgianaBalan: checks 
Warheart290288: checks 
*** TURN *** [9h Kc Qs] [Ah]
GeorgianaBalan: checks 
Warheart290288: bets $0.10
GeorgianaBalan: calls $0.10
*** RIVER *** [9h Kc Qs Ah] [5h]
GeorgianaBalan: checks 
Warheart290288: bets $0.15
GeorgianaBalan: calls $0.15
*** SHOW DOWN ***
Warheart290288: shows [As Qc] (two pair, Aces and Queens)
GeorgianaBalan: mucks hand 
Warheart290288 collected $0.59 from pot
*** SUMMARY ***
Total pot $0.62 | Rake $0.03 
Board [9h Kc Qs Ah 5h]
Seat 1: absfcknglyntley folded before Flop (didn't bet)
Seat 2: Warheart290288 showed [As Qc] and won ($0.59) with two pair, Aces and Queens
Seat 3: Piligrim_Serik (button) folded before Flop (didn't bet)
Seat 4: Jacklefort (small blind) folded before Flop
Seat 6: GeorgianaBalan (big blind) mucked [4h Ac]
Seat 7: KOCETO_1992 folded before Flop (didn't bet)
Seat 8: Dorex2007 folded before Flop (didn't bet)
Seat 9: racprrr folded before Flop (didn't bet)



PokerStars Hand #238499263761:  Hold'em No Limit ($0.02/$0.05 USD) - 2022/09/08 11:53:08 PT [2022/09/08 14:53:08 ET]
Table 'Mizar II' 9-max Seat #4 is the button
Seat 1: absfcknglyntley ($5.89 in chips) 
Seat 2: Warheart290288 ($5.17 in chips) 
Seat 3: Piligrim_Serik ($2.12 in chips) 
Seat 4: Jacklefort ($4.93 in chips) 
Seat 6: GeorgianaBalan ($5.78 in chips) 
Seat 7: KOCETO_1992 ($5.32 in chips) 
Seat 8: Dorex2007 ($10.33 in chips) 
Seat 9: racprrr ($4.07 in chips) 
GeorgianaBalan: posts small blind $0.02
KOCETO_1992: posts big blind $0.05
*** HOLE CARDS ***
Dealt to Dorex2007 [Tc 6d]
Dorex2007: folds 
racprrr: folds 
absfcknglyntley: folds 
Warheart290288: folds 
Piligrim_Serik: folds 
Jacklefort: raises $0.10 to $0.15
GeorgianaBalan: folds 
KOCETO_1992: folds 
Uncalled bet ($0.10) returned to Jacklefort
Jacklefort collected $0.12 from pot
Jacklefort: doesn't show hand 
*** SUMMARY ***
Total pot $0.12 | Rake $0 
Seat 1: absfcknglyntley folded before Flop (didn't bet)
Seat 2: Warheart290288 folded before Flop (didn't bet)
Seat 3: Piligrim_Serik folded before Flop (didn't bet)
Seat 4: Jacklefort (button) collected ($0.12)
Seat 6: GeorgianaBalan (small blind) folded before Flop
Seat 7: KOCETO_1992 (big blind) folded before Flop
Seat 8: Dorex2007 folded before Flop (didn't bet)
Seat 9: racprrr folded before Flop (didn't bet)



PokerStars Hand #238499269711:  Hold'em No Limit ($0.02/$0.05 USD) - 2022/09/08 11:53:23 PT [2022/09/08 14:53:23 ET]
Table 'Mizar II' 9-max Seat #6 is the button
Seat 1: absfcknglyntley ($5.89 in chips) 
Seat 2: Warheart290288 ($5.17 in chips) 
Seat 3: Piligrim_Serik ($2.12 in chips) 
Seat 4: Jacklefort ($5 in chips) 
Seat 5: hamiltonherm ($5.43 in chips) 
Seat 6: GeorgianaBalan ($5.76 in chips) 
Seat 7: KOCETO_1992 ($5.27 in chips) 
Seat 8: Dorex2007 ($10.33 in chips) 
Seat 9: racprrr ($4.07 in chips) 
KOCETO_1992: posts small blind $0.02
Dorex2007: posts big blind $0.05
hamiltonherm: posts small & big blinds $0.07
*** HOLE CARDS ***
Dealt to Dorex2007 [Qs 8h]
racprrr: folds 
absfcknglyntley: folds 
Warheart290288: folds 
Piligrim_Serik: calls $0.05
Jacklefort: folds 
hamiltonherm: checks 
GeorgianaBalan: folds 
KOCETO_1992: folds 
Dorex2007: checks 
*** FLOP *** [Td 6d 6s]
Dorex2007: checks 
Piligrim_Serik: checks 
hamiltonherm: checks 
*** TURN *** [Td 6d 6s] [9s]
Dorex2007: checks 
Piligrim_Serik: checks 
hamiltonherm: checks 
*** RIVER *** [Td 6d 6s 9s] [7s]
Dorex2007: checks 
Piligrim_Serik: bets $0.18
hamiltonherm: folds 
Dorex2007: calls $0.18
*** SHOW DOWN ***
Piligrim_Serik: shows [7c 2h] (two pair, Sevens and Sixes)
Dorex2007: shows [Qs 8h] (a straight, Six to Ten)
Dorex2007 collected $0.53 from pot
*** SUMMARY ***
Total pot $0.55 | Rake $0.02 
Board [Td 6d 6s 9s 7s]
Seat 1: absfcknglyntley folded before Flop (didn't bet)
Seat 2: Warheart290288 folded before Flop (didn't bet)
Seat 3: Piligrim_Serik showed [7c 2h] and lost with two pair, Sevens and Sixes
Seat 4: Jacklefort folded before Flop (didn't bet)
Seat 5: hamiltonherm folded on the River (didn't bet)
Seat 6: GeorgianaBalan (button) folded before Flop (didn't bet)
Seat 7: KOCETO_1992 (small blind) folded before Flop
Seat 8: Dorex2007 (big blind) showed [Qs 8h] and won ($0.53) with a straight, Six to Ten
Seat 9: racprrr folded before Flop (didn't bet)



PokerStars Hand #238499303633:  Hold'em No Limit ($0.02/$0.05 USD) - 2022/09/08 11:54:51 PT [2022/09/08 14:54:51 ET]
Table 'Mizar II' 9-max Seat #7 is the button
Seat 1: absfcknglyntley ($5.89 in chips) 
Seat 2: Warheart290288 ($5.17 in chips) 
Seat 3: Piligrim_Serik ($1.89 in chips) 
Seat 4: Jacklefort ($5 in chips) 
Seat 5: hamiltonherm ($5.36 in chips) 
Seat 6: GeorgianaBalan ($5.76 in chips) 
Seat 7: KOCETO_1992 ($5.25 in chips) 
Seat 8: Dorex2007 ($10.63 in chips) 
Seat 9: racprrr ($4.07 in chips) 
Dorex2007: posts small blind $0.02
racprrr: posts big blind $0.05
*** HOLE CARDS ***
Dealt to Dorex2007 [3c 5d]
absfcknglyntley: folds 
Warheart290288: folds 
Piligrim_Serik: raises $0.05 to $0.10
Jacklefort: folds 
hamiltonherm: folds 
GeorgianaBalan: folds 
KOCETO_1992: folds 
Dorex2007: folds 
racprrr: calls $0.05
*** FLOP *** [3d Ad Ks]
GeorgianaBalan leaves the table
racprrr: bets $0.21
Piligrim_Serik: calls $0.21
*** TURN *** [3d Ad Ks] [3h]
miami2k joins the table at seat #6 
racprrr: bets $3.76 and is all-in
Piligrim_Serik: calls $1.58 and is all-in
Uncalled bet ($2.18) returned to racprrr
*** RIVER *** [3d Ad Ks 3h] [Qc]
*** SHOW DOWN ***
racprrr: shows [6d 7d] (a pair of Threes)
Piligrim_Serik: shows [3s Ac] (a full house, Threes full of Aces)
Piligrim_Serik collected $3.64 from pot
*** SUMMARY ***
Total pot $3.80 | Rake $0.16 
Board [3d Ad Ks 3h Qc]
Seat 1: absfcknglyntley folded before Flop (didn't bet)
Seat 2: Warheart290288 folded before Flop (didn't bet)
Seat 3: Piligrim_Serik showed [3s Ac] and won ($3.64) with a full house, Threes full of Aces
Seat 4: Jacklefort folded before Flop (didn't bet)
Seat 5: hamiltonherm folded before Flop (didn't bet)
Seat 6: GeorgianaBalan folded before Flop (didn't bet)
Seat 7: KOCETO_1992 (button) folded before Flop (didn't bet)
Seat 8: Dorex2007 (small blind) folded before Flop
Seat 9: racprrr (big blind) showed [6d 7d] and lost with a pair of Threes



PokerStars Hand #238499319230:  Hold'em No Limit ($0.02/$0.05 USD) - 2022/09/08 11:55:39 PT [2022/09/08 14:55:39 ET]
Table 'Mizar II' 9-max Seat #8 is the button
Seat 1: absfcknglyntley ($5.89 in chips) 
Seat 2: Warheart290288 ($5.17 in chips) 
Seat 3: Piligrim_Serik ($3.64 in chips) 
Seat 4: Jacklefort ($5 in chips) 
Seat 5: hamiltonherm ($5.36 in chips) 
Seat 6: miami2k ($5 in chips) 
Seat 7: KOCETO_1992 ($5.25 in chips) 
Seat 8: Dorex2007 ($10.61 in chips) 
Seat 9: racprrr ($2.18 in chips) 
racprrr: posts small blind $0.02
absfcknglyntley: posts big blind $0.05
miami2k: posts big blind $0.05
*** HOLE CARDS ***
Dealt to Dorex2007 [Kh 2s]
Warheart290288: folds 
Piligrim_Serik: calls $0.05
Jacklefort: folds 
hamiltonherm: folds 
miami2k: checks 
KOCETO_1992: folds 
Dorex2007: folds 
racprrr: calls $0.03
absfcknglyntley: raises $0.20 to $0.25
Piligrim_Serik: folds 
miami2k: folds 
racprrr: folds 
Uncalled bet ($0.20) returned to absfcknglyntley
absfcknglyntley collected $0.20 from pot
absfcknglyntley: doesn't show hand 
*** SUMMARY ***
Total pot $0.20 | Rake $0 
Seat 1: absfcknglyntley (big blind) collected ($0.20)
Seat 2: Warheart290288 folded before Flop (didn't bet)
Seat 3: Piligrim_Serik folded before Flop
Seat 4: Jacklefort folded before Flop (didn't bet)
Seat 5: hamiltonherm folded before Flop (didn't bet)
Seat 6: miami2k folded before Flop (didn't bet)
Seat 7: KOCETO_1992 folded before Flop (didn't bet)
Seat 8: Dorex2007 (button) folded before Flop (didn't bet)
Seat 9: racprrr (small blind) folded before Flop



PokerStars Hand #238499330587:  Hold'em No Limit ($0.02/$0.05 USD) - 2022/09/08 11:56:22 PT [2022/09/08 14:56:22 ET]
Table 'Mizar II' 9-max Seat #9 is the button
Seat 1: absfcknglyntley ($6.04 in chips) 
Seat 3: Piligrim_Serik ($3.59 in chips) 
Seat 4: Jacklefort ($5 in chips) 
Seat 5: hamiltonherm ($5.36 in chips) 
Seat 6: miami2k ($4.95 in chips) 
Seat 7: KOCETO_1992 ($5.25 in chips) 
Seat 8: Dorex2007 ($10.61 in chips) 
Seat 9: racprrr ($2.13 in chips) 
absfcknglyntley: posts small blind $0.02
Warheart290288: is sitting out 
Piligrim_Serik: posts big blind $0.05
*** HOLE CARDS ***
Dealt to Dorex2007 [Ks 4d]
Jacklefort: raises $0.10 to $0.15
hamiltonherm: calls $0.15
miami2k: calls $0.15
KOCETO_1992: folds 
Dorex2007: folds 
racprrr: folds 
absfcknglyntley: folds 
Piligrim_Serik: folds 
*** FLOP *** [4h 4s 5d]
Jacklefort: checks 
hamiltonherm: bets $0.25
miami2k: calls $0.25
Jacklefort: calls $0.25
*** TURN *** [4h 4s 5d] [5h]
Jacklefort: checks 
hamiltonherm: checks 
miami2k: bets $0.75
Jacklefort: folds 
hamiltonherm: folds 
Uncalled bet ($0.75) returned to miami2k
miami2k collected $1.22 from pot
miami2k: doesn't show hand 
*** SUMMARY ***
Total pot $1.27 | Rake $0.05 
Board [4h 4s 5d 5h]
Seat 1: absfcknglyntley (small blind) folded before Flop
Seat 3: Piligrim_Serik (big blind) folded before Flop
Seat 4: Jacklefort folded on the Turn
Seat 5: hamiltonherm folded on the Turn
Seat 6: miami2k collected ($1.22)
Seat 7: KOCETO_1992 folded before Flop (didn't bet)
Seat 8: Dorex2007 folded before Flop (didn't bet)
Seat 9: racprrr (button) folded before Flop (didn't bet)



PokerStars Hand #238499347953:  Hold'em No Limit ($0.02/$0.05 USD) - 2022/09/08 11:57:26 PT [2022/09/08 14:57:26 ET]
Table 'Mizar II' 9-max Seat #1 is the button
Seat 1: absfcknglyntley ($6.02 in chips) 
Seat 3: Piligrim_Serik ($3.54 in chips) 
Seat 4: Jacklefort ($5 in chips) 
Seat 5: hamiltonherm ($4.96 in chips) 
Seat 6: miami2k ($5.77 in chips) 
Seat 7: KOCETO_1992 ($5.25 in chips) 
Seat 8: Dorex2007 ($10.61 in chips) 
Seat 9: racprrr ($2.13 in chips) 
Piligrim_Serik: posts small blind $0.02
Jacklefort: posts big blind $0.05
*** HOLE CARDS ***
Dealt to Dorex2007 [Th 7d]
hamiltonherm: folds 
miami2k: folds 
KOCETO_1992: folds 
Dorex2007: folds 
racprrr: folds 
absfcknglyntley: raises $0.07 to $0.12
Piligrim_Serik: calls $0.10
Jacklefort: calls $0.07
*** FLOP *** [4d 5c Qh]
Piligrim_Serik: bets $0.05
Jacklefort: calls $0.05
absfcknglyntley: folds 
*** TURN *** [4d 5c Qh] [Kd]
Piligrim_Serik: bets $0.22
Jacklefort: folds 
Uncalled bet ($0.22) returned to Piligrim_Serik
Piligrim_Serik collected $0.44 from pot
Piligrim_Serik: doesn't show hand 
*** SUMMARY ***
Total pot $0.46 | Rake $0.02 
Board [4d 5c Qh Kd]
Seat 1: absfcknglyntley (button) folded on the Flop
Seat 3: Piligrim_Serik (small blind) collected ($0.44)
Seat 4: Jacklefort (big blind) folded on the Turn
Seat 5: hamiltonherm folded before Flop (didn't bet)
Seat 6: miami2k folded before Flop (didn't bet)
Seat 7: KOCETO_1992 folded before Flop (didn't bet)
Seat 8: Dorex2007 folded before Flop (didn't bet)
Seat 9: racprrr folded before Flop (didn't bet)



PokerStars Hand #238499372013:  Hold'em No Limit ($0.02/$0.05 USD) - 2022/09/08 11:58:55 PT [2022/09/08 14:58:55 ET]
Table 'Mizar II' 9-max Seat #3 is the button
Seat 1: absfcknglyntley ($5.90 in chips) 
Seat 3: Piligrim_Serik ($3.81 in chips) 
Seat 4: Jacklefort ($4.83 in chips) 
Seat 5: hamiltonherm ($4.96 in chips) 
Seat 6: miami2k ($5.77 in chips) 
Seat 7: KOCETO_1992 ($5.25 in chips) 
Seat 8: Dorex2007 ($10.61 in chips) 
Seat 9: racprrr ($2.13 in chips) 
Jacklefort: posts small blind $0.02
hamiltonherm: posts big blind $0.05
*** HOLE CARDS ***
Dealt to Dorex2007 [2h 8c]
miami2k: raises $0.10 to $0.15
KOCETO_1992: folds 
Dorex2007: folds 
racprrr: folds 
absfcknglyntley: folds 
Piligrim_Serik: calls $0.15
Jacklefort: folds 
hamiltonherm has timed out
hamiltonherm: folds 
*** FLOP *** [Jd 5c 5s]
miami2k: bets $0.20
Piligrim_Serik: raises $0.20 to $0.40
Warheart290288 leaves the table
miami2k: folds 
Uncalled bet ($0.20) returned to Piligrim_Serik
Piligrim_Serik collected $0.74 from pot
Piligrim_Serik: doesn't show hand 
*** SUMMARY ***
Total pot $0.77 | Rake $0.03 
Board [Jd 5c 5s]
Seat 1: absfcknglyntley folded before Flop (didn't bet)
Seat 3: Piligrim_Serik (button) collected ($0.74)
Seat 4: Jacklefort (small blind) folded before Flop
Seat 5: hamiltonherm (big blind) folded before Flop
Seat 6: miami2k folded on the Flop
Seat 7: KOCETO_1992 folded before Flop (didn't bet)
Seat 8: Dorex2007 folded before Flop (didn't bet)
Seat 9: racprrr folded before Flop (didn't bet)



PokerStars Hand #238499384843:  Hold'em No Limit ($0.02/$0.05 USD) - 2022/09/08 11:59:42 PT [2022/09/08 14:59:42 ET]
Table 'Mizar II' 9-max Seat #4 is the button
Seat 1: absfcknglyntley ($5.90 in chips) 
Seat 3: Piligrim_Serik ($4.20 in chips) 
Seat 4: Jacklefort ($4.81 in chips) 
Seat 5: hamiltonherm ($4.91 in chips) 
Seat 6: miami2k ($5.42 in chips) 
Seat 7: KOCETO_1992 ($5.25 in chips) 
Seat 8: Dorex2007 ($10.61 in chips) 
Seat 9: racprrr ($2.13 in chips) 
hamiltonherm: posts small blind $0.02
miami2k: posts big blind $0.05
*** HOLE CARDS ***
Dealt to Dorex2007 [4d 8c]
KOCETO_1992: folds 
Dorex2007: folds 
racprrr: folds 
absfcknglyntley: folds 
Piligrim_Serik: folds 
Jacklefort: raises $0.10 to $0.15
hamiltonherm: folds 
miami2k: folds 
Uncalled bet ($0.10) returned to Jacklefort
Jacklefort collected $0.12 from pot
Jacklefort: doesn't show hand 
*** SUMMARY ***
Total pot $0.12 | Rake $0 
Seat 1: absfcknglyntley folded before Flop (didn't bet)
Seat 3: Piligrim_Serik folded before Flop (didn't bet)
Seat 4: Jacklefort (button) collected ($0.12)
Seat 5: hamiltonherm (small blind) folded before Flop
Seat 6: miami2k (big blind) folded before Flop
Seat 7: KOCETO_1992 folded before Flop (didn't bet)
Seat 8: Dorex2007 folded before Flop (didn't bet)
Seat 9: racprrr folded before Flop (didn't bet)



