PokerStars Hand #236275130250:  Hold'em No Limit ($0.01/$0.02 USD) - 2022/05/21 15:23:29 PT [2022/05/21 18:23:29 ET]
Table 'Dangreen' 9-max Seat #1 is the button
Seat 1: taisales ($1.70 in chips) 
Seat 3: Rovi941 ($0.67 in chips) 
Seat 4: the_brave83 ($3.43 in chips) 
Seat 7: Stebug76 ($1.80 in chips) 
Seat 8: Meh31415 ($4.47 in chips) 
Seat 9: Dorex2007 ($2 in chips) 
Rovi941: posts small blind $0.01
the_brave83: posts big blind $0.02
Dorex2007: posts big blind $0.02
*** HOLE CARDS ***
Dealt to Dorex2007 [Tc Ts]
Stebug76: folds 
Meh31415: folds 
Dorex2007: raises $0.04 to $0.06
taisales: folds 
Rovi941: calls $0.05
bulabula83161 joins the table at seat #2 
the_brave83: raises $0.06 to $0.12
Dorex2007: calls $0.06
Rovi941: calls $0.06
*** FLOP *** [Ac Ad 9h]
Rovi941: checks 
the_brave83: bets $0.18
Dorex2007: calls $0.18
Rovi941: raises $0.37 to $0.55 and is all-in
the_brave83: folds 
Dorex2007: folds 
Uncalled bet ($0.37) returned to Rovi941
Rovi941 collected $0.87 from pot
Rovi941: doesn't show hand 
*** SUMMARY ***
Total pot $0.90 | Rake $0.03 
Board [Ac Ad 9h]
Seat 1: taisales (button) folded before Flop (didn't bet)
Seat 3: Rovi941 (small blind) collected ($0.87)
Seat 4: the_brave83 (big blind) folded on the Flop
Seat 7: Stebug76 folded before Flop (didn't bet)
Seat 8: Meh31415 folded before Flop (didn't bet)
Seat 9: Dorex2007 folded on the Flop



PokerStars Hand #236275149203:  Hold'em No Limit ($0.01/$0.02 USD) - 2022/05/21 15:24:27 PT [2022/05/21 18:24:27 ET]
Table 'Dangreen' 9-max Seat #3 is the button
Seat 1: taisales ($1.70 in chips) 
Seat 2: bulabula83161 ($1.60 in chips) 
Seat 3: Rovi941 ($1.24 in chips) 
Seat 4: the_brave83 ($3.13 in chips) 
Seat 7: Stebug76 ($1.80 in chips) 
Seat 8: Meh31415 ($4.47 in chips) 
Seat 9: Dorex2007 ($2 in chips) 
the_brave83: posts small blind $0.01
Stebug76: posts big blind $0.02
bulabula83161: posts big blind $0.02
*** HOLE CARDS ***
Dealt to Dorex2007 [Th Jc]
Meh31415: folds 
Dorex2007: calls $0.02
taisales: raises $0.04 to $0.06
bulabula83161: folds 
Rovi941: folds 
the_brave83: folds 
Stebug76: folds 
Dorex2007: calls $0.04
*** FLOP *** [9s Kh 9c]
Dorex2007: checks 
taisales: bets $0.06
Dorex2007: calls $0.06
*** TURN *** [9s Kh 9c] [4d]
Dorex2007: checks 
taisales: bets $0.06
Dorex2007: folds 
Uncalled bet ($0.06) returned to taisales
taisales collected $0.28 from pot
taisales: doesn't show hand 
*** SUMMARY ***
Total pot $0.29 | Rake $0.01 
Board [9s Kh 9c 4d]
Seat 1: taisales collected ($0.28)
Seat 2: bulabula83161 folded before Flop (didn't bet)
Seat 3: Rovi941 (button) folded before Flop (didn't bet)
Seat 4: the_brave83 (small blind) folded before Flop
Seat 7: Stebug76 (big blind) folded before Flop
Seat 8: Meh31415 folded before Flop (didn't bet)
Seat 9: Dorex2007 folded on the Turn



PokerStars Hand #236275170765:  Hold'em No Limit ($0.01/$0.02 USD) - 2022/05/21 15:25:04 PT [2022/05/21 18:25:04 ET]
Table 'Dangreen' 9-max Seat #4 is the button
Seat 1: taisales ($1.86 in chips) 
Seat 2: bulabula83161 ($1.58 in chips) 
Seat 3: Rovi941 ($1.24 in chips) 
Seat 4: the_brave83 ($3.12 in chips) 
Seat 7: Stebug76 ($1.78 in chips) 
Seat 8: Meh31415 ($4.47 in chips) 
Seat 9: Dorex2007 ($2 in chips) 
Stebug76: posts small blind $0.01
Meh31415: posts big blind $0.02
*** HOLE CARDS ***
Dealt to Dorex2007 [9c 5c]
Dorex2007: folds 
taisales: folds 
bulabula83161: raises $0.05 to $0.07
Rovi941: folds 
the_brave83: folds 
Stebug76: folds 
Meh31415: folds 
Uncalled bet ($0.05) returned to bulabula83161
bulabula83161 collected $0.05 from pot
bulabula83161: doesn't show hand 
*** SUMMARY ***
Total pot $0.05 | Rake $0 
Seat 1: taisales folded before Flop (didn't bet)
Seat 2: bulabula83161 collected ($0.05)
Seat 3: Rovi941 folded before Flop (didn't bet)
Seat 4: the_brave83 (button) folded before Flop (didn't bet)
Seat 7: Stebug76 (small blind) folded before Flop
Seat 8: Meh31415 (big blind) folded before Flop
Seat 9: Dorex2007 folded before Flop (didn't bet)



PokerStars Hand #236275176559:  Hold'em No Limit ($0.01/$0.02 USD) - 2022/05/21 15:25:22 PT [2022/05/21 18:25:22 ET]
Table 'Dangreen' 9-max Seat #7 is the button
Seat 1: taisales ($1.86 in chips) 
Seat 2: bulabula83161 ($1.61 in chips) 
Seat 3: Rovi941 ($1.24 in chips) 
Seat 4: the_brave83 ($3.12 in chips) 
Seat 6: wlsrbf ($1.89 in chips) 
Seat 7: Stebug76 ($1.77 in chips) 
Seat 8: Meh31415 ($4.45 in chips) 
Seat 9: Dorex2007 ($2 in chips) 
Meh31415: posts small blind $0.01
Dorex2007: posts big blind $0.02
wlsrbf: posts small & big blinds $0.03
*** HOLE CARDS ***
Dealt to Dorex2007 [8c 9h]
taisales: calls $0.02
bulabula83161: folds 
Rovi941: folds 
the_brave83: folds 
wlsrbf has timed out
wlsrbf: checks 
Stebug76: folds 
Meh31415: folds 
Dorex2007: checks 
*** FLOP *** [3d Tc 2s]
Dorex2007: checks 
taisales: checks 
wlsrbf: checks 
*** TURN *** [3d Tc 2s] [Jc]
Dorex2007: checks 
taisales: checks 
wlsrbf: bets $0.04
Dorex2007: calls $0.04
taisales: folds 
*** RIVER *** [3d Tc 2s Jc] [7h]
Dorex2007: checks 
wlsrbf: bets $0.04
Dorex2007: raises $0.12 to $0.16
wlsrbf: folds 
Uncalled bet ($0.12) returned to Dorex2007
Dorex2007 collected $0.23 from pot
Dorex2007: doesn't show hand 
*** SUMMARY ***
Total pot $0.24 | Rake $0.01 
Board [3d Tc 2s Jc 7h]
Seat 1: taisales folded on the Turn
Seat 2: bulabula83161 folded before Flop (didn't bet)
Seat 3: Rovi941 folded before Flop (didn't bet)
Seat 4: the_brave83 folded before Flop (didn't bet)
Seat 6: wlsrbf folded on the River
Seat 7: Stebug76 (button) folded before Flop (didn't bet)
Seat 8: Meh31415 (small blind) folded before Flop
Seat 9: Dorex2007 (big blind) collected ($0.23)



PokerStars Hand #236275222420:  Hold'em No Limit ($0.01/$0.02 USD) - 2022/05/21 15:27:42 PT [2022/05/21 18:27:42 ET]
Table 'Dangreen' 9-max Seat #8 is the button
Seat 1: taisales ($1.84 in chips) 
Seat 2: bulabula83161 ($1.61 in chips) 
Seat 3: Rovi941 ($1.24 in chips) 
Seat 4: the_brave83 ($3.12 in chips) 
Seat 6: wlsrbf ($1.78 in chips) 
Seat 7: Stebug76 ($1.77 in chips) 
Seat 8: Meh31415 ($4.44 in chips) 
Seat 9: Dorex2007 ($2.13 in chips) 
Dorex2007: posts small blind $0.01
taisales: posts big blind $0.02
*** HOLE CARDS ***
Dealt to Dorex2007 [5c 4c]
bulabula83161: folds 
Rovi941: folds 
the_brave83: raises $0.04 to $0.06
wlsrbf: folds 
Stebug76: calls $0.06
Meh31415: folds 
Dorex2007: folds 
taisales: calls $0.04
*** FLOP *** [7h Qd 5h]
taisales: checks 
the_brave83: bets $0.09
Stebug76: raises $0.18 to $0.27
taisales: folds 
the_brave83: folds 
Uncalled bet ($0.18) returned to Stebug76
Stebug76 collected $0.36 from pot
Stebug76: doesn't show hand 
*** SUMMARY ***
Total pot $0.37 | Rake $0.01 
Board [7h Qd 5h]
Seat 1: taisales (big blind) folded on the Flop
Seat 2: bulabula83161 folded before Flop (didn't bet)
Seat 3: Rovi941 folded before Flop (didn't bet)
Seat 4: the_brave83 folded on the Flop
Seat 6: wlsrbf folded before Flop (didn't bet)
Seat 7: Stebug76 collected ($0.36)
Seat 8: Meh31415 (button) folded before Flop (didn't bet)
Seat 9: Dorex2007 (small blind) folded before Flop



PokerStars Hand #236275240704:  Hold'em No Limit ($0.01/$0.02 USD) - 2022/05/21 15:28:39 PT [2022/05/21 18:28:39 ET]
Table 'Dangreen' 9-max Seat #9 is the button
Seat 1: taisales ($1.78 in chips) 
Seat 2: bulabula83161 ($1.61 in chips) 
Seat 3: Rovi941 ($1.24 in chips) 
Seat 4: the_brave83 ($2.97 in chips) 
Seat 6: wlsrbf ($1.78 in chips) 
Seat 7: Stebug76 ($1.98 in chips) 
Seat 8: Meh31415 ($4.44 in chips) 
Seat 9: Dorex2007 ($2.12 in chips) 
taisales: posts small blind $0.01
bulabula83161: posts big blind $0.02
*** HOLE CARDS ***
Dealt to Dorex2007 [Ks Ts]
Rovi941: folds 
the_brave83: folds 
wlsrbf has timed out
wlsrbf: folds 
Stebug76: folds 
Meh31415: folds 
Dorex2007: raises $0.04 to $0.06
taisales: folds 
bulabula83161: folds 
Uncalled bet ($0.04) returned to Dorex2007
Dorex2007 collected $0.05 from pot
Dorex2007: doesn't show hand 
*** SUMMARY ***
Total pot $0.05 | Rake $0 
Seat 1: taisales (small blind) folded before Flop
Seat 2: bulabula83161 (big blind) folded before Flop
Seat 3: Rovi941 folded before Flop (didn't bet)
Seat 4: the_brave83 folded before Flop (didn't bet)
Seat 6: wlsrbf folded before Flop (didn't bet)
Seat 7: Stebug76 folded before Flop (didn't bet)
Seat 8: Meh31415 folded before Flop (didn't bet)
Seat 9: Dorex2007 (button) collected ($0.05)



PokerStars Hand #236275251623:  Hold'em No Limit ($0.01/$0.02 USD) - 2022/05/21 15:29:13 PT [2022/05/21 18:29:13 ET]
Table 'Dangreen' 9-max Seat #1 is the button
Seat 1: taisales ($1.77 in chips) 
Seat 2: bulabula83161 ($1.59 in chips) 
Seat 3: Rovi941 ($1.24 in chips) 
Seat 4: the_brave83 ($2.97 in chips) 
Seat 6: wlsrbf ($1.78 in chips) 
Seat 7: Stebug76 ($1.98 in chips) 
Seat 8: Meh31415 ($4.44 in chips) 
Seat 9: Dorex2007 ($2.15 in chips) 
bulabula83161: posts small blind $0.01
Rovi941: posts big blind $0.02
*** HOLE CARDS ***
Dealt to Dorex2007 [3d Kh]
the_brave83: folds 
wlsrbf: folds 
Stebug76: folds 
Meh31415: folds 
Dorex2007: folds 
taisales: folds 
bulabula83161: calls $0.01
Rovi941: raises $0.04 to $0.06
bulabula83161: calls $0.04
*** FLOP *** [4s Jc Ks]
bulabula83161: checks 
Rovi941: checks 
*** TURN *** [4s Jc Ks] [7c]
bulabula83161: checks 
Rovi941: checks 
*** RIVER *** [4s Jc Ks 7c] [Td]
bulabula83161: checks 
Rovi941: bets $0.06
bulabula83161: folds 
Uncalled bet ($0.06) returned to Rovi941
Rovi941 collected $0.12 from pot
Rovi941: doesn't show hand 
*** SUMMARY ***
Total pot $0.12 | Rake $0 
Board [4s Jc Ks 7c Td]
Seat 1: taisales (button) folded before Flop (didn't bet)
Seat 2: bulabula83161 (small blind) folded on the River
Seat 3: Rovi941 (big blind) collected ($0.12)
Seat 4: the_brave83 folded before Flop (didn't bet)
Seat 6: wlsrbf folded before Flop (didn't bet)
Seat 7: Stebug76 folded before Flop (didn't bet)
Seat 8: Meh31415 folded before Flop (didn't bet)
Seat 9: Dorex2007 folded before Flop (didn't bet)



PokerStars Hand #236275264407:  Hold'em No Limit ($0.01/$0.02 USD) - 2022/05/21 15:29:53 PT [2022/05/21 18:29:53 ET]
Table 'Dangreen' 9-max Seat #2 is the button
Seat 1: taisales ($1.77 in chips) 
Seat 2: bulabula83161 ($1.53 in chips) 
Seat 3: Rovi941 ($1.30 in chips) 
Seat 4: the_brave83 ($2.97 in chips) 
Seat 6: wlsrbf ($1.78 in chips) 
Seat 7: Stebug76 ($1.98 in chips) 
Seat 8: Meh31415 ($4.44 in chips) 
Seat 9: Dorex2007 ($2.15 in chips) 
Rovi941: posts small blind $0.01
the_brave83: posts big blind $0.02
*** HOLE CARDS ***
Dealt to Dorex2007 [As Js]
wlsrbf: folds 
Stebug76: folds 
Meh31415: folds 
Dorex2007: raises $0.04 to $0.06
taisales: folds 
bulabula83161: folds 
Rovi941: folds 
the_brave83: folds 
Uncalled bet ($0.04) returned to Dorex2007
Dorex2007 collected $0.05 from pot
Dorex2007: doesn't show hand 
*** SUMMARY ***
Total pot $0.05 | Rake $0 
Seat 1: taisales folded before Flop (didn't bet)
Seat 2: bulabula83161 (button) folded before Flop (didn't bet)
Seat 3: Rovi941 (small blind) folded before Flop
Seat 4: the_brave83 (big blind) folded before Flop
Seat 6: wlsrbf folded before Flop (didn't bet)
Seat 7: Stebug76 folded before Flop (didn't bet)
Seat 8: Meh31415 folded before Flop (didn't bet)
Seat 9: Dorex2007 collected ($0.05)



PokerStars Hand #236275273386:  Hold'em No Limit ($0.01/$0.02 USD) - 2022/05/21 15:30:21 PT [2022/05/21 18:30:21 ET]
Table 'Dangreen' 9-max Seat #3 is the button
Seat 1: taisales ($1.77 in chips) 
Seat 2: bulabula83161 ($1.53 in chips) 
Seat 3: Rovi941 ($1.29 in chips) 
Seat 4: the_brave83 ($2.95 in chips) 
Seat 6: wlsrbf ($1.78 in chips) 
Seat 7: Stebug76 ($1.98 in chips) 
Seat 8: Meh31415 ($4.44 in chips) 
Seat 9: Dorex2007 ($2.18 in chips) 
the_brave83: posts small blind $0.01
wlsrbf: posts big blind $0.02
*** HOLE CARDS ***
Dealt to Dorex2007 [8d Kc]
Stebug76 has timed out
Stebug76: folds 
Meh31415: folds 
Dorex2007: folds 
taisales: folds 
bulabula83161: folds 
Rovi941: folds 
the_brave83: folds 
Uncalled bet ($0.01) returned to wlsrbf
wlsrbf collected $0.02 from pot
01WorldMoney leaves the table
wlsrbf: doesn't show hand 
*** SUMMARY ***
Total pot $0.02 | Rake $0 
Seat 1: taisales folded before Flop (didn't bet)
Seat 2: bulabula83161 folded before Flop (didn't bet)
Seat 3: Rovi941 (button) folded before Flop (didn't bet)
Seat 4: the_brave83 (small blind) folded before Flop
Seat 6: wlsrbf (big blind) collected ($0.02)
Seat 7: Stebug76 folded before Flop (didn't bet)
Seat 8: Meh31415 folded before Flop (didn't bet)
Seat 9: Dorex2007 folded before Flop (didn't bet)



PokerStars Hand #236275281274:  Hold'em No Limit ($0.01/$0.02 USD) - 2022/05/21 15:30:45 PT [2022/05/21 18:30:45 ET]
Table 'Dangreen' 9-max Seat #4 is the button
Seat 1: taisales ($1.77 in chips) 
Seat 2: bulabula83161 ($1.53 in chips) 
Seat 3: Rovi941 ($1.29 in chips) 
Seat 4: the_brave83 ($2.94 in chips) 
Seat 6: wlsrbf ($1.79 in chips) 
Seat 7: Stebug76 ($1.98 in chips) 
Seat 8: Meh31415 ($4.44 in chips) 
Seat 9: Dorex2007 ($2.18 in chips) 
wlsrbf: posts small blind $0.01
Stebug76: posts big blind $0.02
*** HOLE CARDS ***
Dealt to Dorex2007 [3h Jh]
Meh31415: folds 
Dorex2007: folds 
taisales: folds 
European1000 joins the table at seat #5 
bulabula83161: raises $0.05 to $0.07
Rovi941: folds 
the_brave83: folds 
wlsrbf: folds 
Stebug76: folds 
Uncalled bet ($0.05) returned to bulabula83161
bulabula83161 collected $0.05 from pot
bulabula83161: doesn't show hand 
*** SUMMARY ***
Total pot $0.05 | Rake $0 
Seat 1: taisales folded before Flop (didn't bet)
Seat 2: bulabula83161 collected ($0.05)
Seat 3: Rovi941 folded before Flop (didn't bet)
Seat 4: the_brave83 (button) folded before Flop (didn't bet)
Seat 6: wlsrbf (small blind) folded before Flop
Seat 7: Stebug76 (big blind) folded before Flop
Seat 8: Meh31415 folded before Flop (didn't bet)
Seat 9: Dorex2007 folded before Flop (didn't bet)



PokerStars Hand #236275290943:  Hold'em No Limit ($0.01/$0.02 USD) - 2022/05/21 15:31:14 PT [2022/05/21 18:31:14 ET]
Table 'Dangreen' 9-max Seat #6 is the button
Seat 1: taisales ($1.77 in chips) 
Seat 2: bulabula83161 ($1.56 in chips) 
Seat 3: Rovi941 ($1.29 in chips) 
Seat 4: the_brave83 ($2.94 in chips) 
Seat 5: European1000 ($2 in chips) 
Seat 6: wlsrbf ($1.78 in chips) 
Seat 8: Meh31415 ($4.44 in chips) 
Seat 9: Dorex2007 ($2.18 in chips) 
Meh31415: posts small blind $0.01
Dorex2007: posts big blind $0.02
European1000: posts big blind $0.02
*** HOLE CARDS ***
Dealt to Dorex2007 [7h Kd]
taisales: folds 
bulabula83161: folds 
Rovi941: folds 
the_brave83: calls $0.02
European1000: raises $0.02 to $0.04
wlsrbf: folds 
Meh31415: folds 
Dorex2007: folds 
the_brave83: raises $0.06 to $0.10
European1000: folds 
Uncalled bet ($0.06) returned to the_brave83
the_brave83 collected $0.11 from pot
*** SUMMARY ***
Total pot $0.11 | Rake $0 
Seat 1: taisales folded before Flop (didn't bet)
Seat 2: bulabula83161 folded before Flop (didn't bet)
Seat 3: Rovi941 folded before Flop (didn't bet)
Seat 4: the_brave83 collected ($0.11)
Seat 5: European1000 folded before Flop
Seat 6: wlsrbf (button) folded before Flop (didn't bet)
Seat 8: Meh31415 (small blind) folded before Flop
Seat 9: Dorex2007 (big blind) folded before Flop



PokerStars Hand #236275304707:  Hold'em No Limit ($0.01/$0.02 USD) - 2022/05/21 15:31:57 PT [2022/05/21 18:31:57 ET]
Table 'Dangreen' 9-max Seat #8 is the button
Seat 1: taisales ($1.77 in chips) 
Seat 2: bulabula83161 ($1.56 in chips) 
Seat 3: Rovi941 ($1.29 in chips) 
Seat 4: the_brave83 ($3.01 in chips) 
Seat 5: European1000 ($1.96 in chips) 
Seat 6: wlsrbf ($1.78 in chips) 
Seat 8: Meh31415 ($4.43 in chips) 
Seat 9: Dorex2007 ($2.16 in chips) 
Dorex2007: posts small blind $0.01
taisales: posts big blind $0.02
Stebug76: sits out 
*** HOLE CARDS ***
Dealt to Dorex2007 [8d Jc]
bulabula83161: folds 
Rovi941: folds 
the_brave83: folds 
European1000: folds 
wlsrbf: folds 
Meh31415: folds 
Dorex2007: folds 
Uncalled bet ($0.01) returned to taisales
taisales collected $0.02 from pot
taisales: doesn't show hand 
*** SUMMARY ***
Total pot $0.02 | Rake $0 
Seat 1: taisales (big blind) collected ($0.02)
Seat 2: bulabula83161 folded before Flop (didn't bet)
Seat 3: Rovi941 folded before Flop (didn't bet)
Seat 4: the_brave83 folded before Flop (didn't bet)
Seat 5: European1000 folded before Flop (didn't bet)
Seat 6: wlsrbf folded before Flop (didn't bet)
Seat 8: Meh31415 (button) folded before Flop (didn't bet)
Seat 9: Dorex2007 (small blind) folded before Flop



PokerStars Hand #236275309770:  Hold'em No Limit ($0.01/$0.02 USD) - 2022/05/21 15:32:12 PT [2022/05/21 18:32:12 ET]
Table 'Dangreen' 9-max Seat #9 is the button
Seat 1: taisales ($1.78 in chips) 
Seat 2: bulabula83161 ($1.56 in chips) 
Seat 3: Rovi941 ($1.29 in chips) 
Seat 4: the_brave83 ($3.01 in chips) 
Seat 5: European1000 ($1.96 in chips) 
Seat 6: wlsrbf ($1.78 in chips) 
Seat 7: Stebug76 ($1.96 in chips) 
Seat 8: Meh31415 ($4.43 in chips) 
Seat 9: Dorex2007 ($2.15 in chips) 
taisales: posts small blind $0.01
bulabula83161: posts big blind $0.02
Stebug76: posts small blind $0.01
*** HOLE CARDS ***
Dealt to Dorex2007 [7s 7c]
Rovi941: folds 
the_brave83: folds 
European1000: folds 
wlsrbf has timed out
wlsrbf: folds 
Stebug76: folds 
Meh31415: folds 
Dorex2007: raises $0.04 to $0.06
taisales: calls $0.05
bulabula83161: folds 
*** FLOP *** [Qs 5d 7h]
taisales: checks 
Dorex2007: checks 
*** TURN *** [Qs 5d 7h] [Ks]
taisales: checks 
Dorex2007: bets $0.09
taisales: calls $0.09
*** RIVER *** [Qs 5d 7h Ks] [Kd]
taisales: bets $0.12
Dorex2007: raises $0.37 to $0.49
taisales: calls $0.37
*** SHOW DOWN ***
Dorex2007: shows [7s 7c] (a full house, Sevens full of Kings)
taisales: mucks hand 
Dorex2007 collected $1.26 from pot
*** SUMMARY ***
Total pot $1.31 | Rake $0.05 
Board [Qs 5d 7h Ks Kd]
Seat 1: taisales (small blind) mucked [9s 9h]
Seat 2: bulabula83161 (big blind) folded before Flop
Seat 3: Rovi941 folded before Flop (didn't bet)
Seat 4: the_brave83 folded before Flop (didn't bet)
Seat 5: European1000 folded before Flop (didn't bet)
Seat 6: wlsrbf folded before Flop (didn't bet)
Seat 7: Stebug76 folded before Flop (didn't bet)
Seat 8: Meh31415 folded before Flop (didn't bet)
Seat 9: Dorex2007 (button) showed [7s 7c] and won ($1.26) with a full house, Sevens full of Kings



PokerStars Hand #236275336582:  Hold'em No Limit ($0.01/$0.02 USD) - 2022/05/21 15:33:35 PT [2022/05/21 18:33:35 ET]
Table 'Dangreen' 9-max Seat #1 is the button
Seat 1: taisales ($1.14 in chips) 
Seat 2: bulabula83161 ($1.54 in chips) 
Seat 3: Rovi941 ($1.29 in chips) 
Seat 4: the_brave83 ($3.01 in chips) 
Seat 5: European1000 ($1.96 in chips) 
Seat 6: wlsrbf ($1.78 in chips) 
Seat 7: Stebug76 ($1.95 in chips) 
Seat 8: Meh31415 ($4.43 in chips) 
Seat 9: Dorex2007 ($2.77 in chips) 
bulabula83161: posts small blind $0.01
Rovi941: posts big blind $0.02
*** HOLE CARDS ***
Dealt to Dorex2007 [3d 5h]
the_brave83: folds 
European1000: calls $0.02
wlsrbf: folds 
Stebug76: folds 
Meh31415: folds 
Dorex2007: folds 
taisales: folds 
bulabula83161: folds 
Rovi941: checks 
*** FLOP *** [Ad Ts Qd]
Rovi941: checks 
European1000: checks 
*** TURN *** [Ad Ts Qd] [Qh]
Rovi941: checks 
European1000: checks 
*** RIVER *** [Ad Ts Qd Qh] [3h]
Rovi941: checks 
European1000: checks 
*** SHOW DOWN ***
Rovi941: shows [Kc 7h] (a pair of Queens)
European1000: shows [2s 2h] (two pair, Queens and Deuces)
European1000 collected $0.05 from pot
*** SUMMARY ***
Total pot $0.05 | Rake $0 
Board [Ad Ts Qd Qh 3h]
Seat 1: taisales (button) folded before Flop (didn't bet)
Seat 2: bulabula83161 (small blind) folded before Flop
Seat 3: Rovi941 (big blind) showed [Kc 7h] and lost with a pair of Queens
Seat 4: the_brave83 folded before Flop (didn't bet)
Seat 5: European1000 showed [2s 2h] and won ($0.05) with two pair, Queens and Deuces
Seat 6: wlsrbf folded before Flop (didn't bet)
Seat 7: Stebug76 folded before Flop (didn't bet)
Seat 8: Meh31415 folded before Flop (didn't bet)
Seat 9: Dorex2007 folded before Flop (didn't bet)



PokerStars Hand #236275361235:  Hold'em No Limit ($0.01/$0.02 USD) - 2022/05/21 15:34:33 PT [2022/05/21 18:34:33 ET]
Table 'Dangreen' 9-max Seat #2 is the button
Seat 1: taisales ($1.14 in chips) 
Seat 2: bulabula83161 ($1.53 in chips) 
Seat 3: Rovi941 ($1.27 in chips) 
Seat 4: the_brave83 ($3.01 in chips) 
Seat 5: European1000 ($1.99 in chips) 
Seat 6: wlsrbf ($1.78 in chips) 
Seat 7: Stebug76 ($1.95 in chips) 
Seat 8: Meh31415 ($4.43 in chips) 
Seat 9: Dorex2007 ($2.77 in chips) 
Rovi941: posts small blind $0.01
the_brave83: posts big blind $0.02
*** HOLE CARDS ***
Dealt to Dorex2007 [4d Qc]
European1000: folds 
wlsrbf: calls $0.02
Stebug76: raises $0.06 to $0.08
Meh31415: folds 
Dorex2007: folds 
taisales: calls $0.08
bulabula83161: folds 
Rovi941: folds 
the_brave83: folds 
wlsrbf: calls $0.06
*** FLOP *** [Kc 9c 8c]
wlsrbf: checks 
Stebug76: checks 
taisales: checks 
*** TURN *** [Kc 9c 8c] [2h]
wlsrbf: bets $0.06
Stebug76: folds 
taisales: folds 
Uncalled bet ($0.06) returned to wlsrbf
wlsrbf collected $0.26 from pot
wlsrbf: doesn't show hand 
*** SUMMARY ***
Total pot $0.27 | Rake $0.01 
Board [Kc 9c 8c 2h]
Seat 1: taisales folded on the Turn
Seat 2: bulabula83161 (button) folded before Flop (didn't bet)
Seat 3: Rovi941 (small blind) folded before Flop
Seat 4: the_brave83 (big blind) folded before Flop
Seat 5: European1000 folded before Flop (didn't bet)
Seat 6: wlsrbf collected ($0.26)
Seat 7: Stebug76 folded on the Turn
Seat 8: Meh31415 folded before Flop (didn't bet)
Seat 9: Dorex2007 folded before Flop (didn't bet)



PokerStars Hand #236275381502:  Hold'em No Limit ($0.01/$0.02 USD) - 2022/05/21 15:35:35 PT [2022/05/21 18:35:35 ET]
Table 'Dangreen' 9-max Seat #3 is the button
Seat 1: taisales ($1.06 in chips) 
Seat 2: bulabula83161 ($1.53 in chips) 
Seat 3: Rovi941 ($1.26 in chips) 
Seat 4: the_brave83 ($2.99 in chips) 
Seat 5: European1000 ($1.99 in chips) 
Seat 6: wlsrbf ($1.96 in chips) 
Seat 7: Stebug76 ($1.87 in chips) 
Seat 8: Meh31415 ($4.43 in chips) 
Seat 9: Dorex2007 ($2.77 in chips) 
the_brave83: posts small blind $0.01
European1000: posts big blind $0.02
*** HOLE CARDS ***
Dealt to Dorex2007 [6h Kd]
wlsrbf: folds 
Stebug76: folds 
Meh31415: folds 
Dorex2007: folds 
taisales: folds 
bulabula83161: raises $0.04 to $0.06
Rovi941: folds 
the_brave83: calls $0.05
European1000: folds 
*** FLOP *** [Ks Jc Ts]
the_brave83: bets $0.07
bulabula83161: folds 
Uncalled bet ($0.07) returned to the_brave83
the_brave83 collected $0.14 from pot
*** SUMMARY ***
Total pot $0.14 | Rake $0 
Board [Ks Jc Ts]
Seat 1: taisales folded before Flop (didn't bet)
Seat 2: bulabula83161 folded on the Flop
Seat 3: Rovi941 (button) folded before Flop (didn't bet)
Seat 4: the_brave83 (small blind) collected ($0.14)
Seat 5: European1000 (big blind) folded before Flop
Seat 6: wlsrbf folded before Flop (didn't bet)
Seat 7: Stebug76 folded before Flop (didn't bet)
Seat 8: Meh31415 folded before Flop (didn't bet)
Seat 9: Dorex2007 folded before Flop (didn't bet)



PokerStars Hand #236275398070:  Hold'em No Limit ($0.01/$0.02 USD) - 2022/05/21 15:36:26 PT [2022/05/21 18:36:26 ET]
Table 'Dangreen' 9-max Seat #4 is the button
Seat 1: taisales ($1.06 in chips) 
Seat 2: bulabula83161 ($1.47 in chips) 
Seat 3: Rovi941 ($1.26 in chips) 
Seat 4: the_brave83 ($3.07 in chips) 
Seat 5: European1000 ($1.97 in chips) 
Seat 7: Stebug76 ($1.87 in chips) 
Seat 8: Meh31415 ($4.43 in chips) 
Seat 9: Dorex2007 ($2.77 in chips) 
European1000: posts small blind $0.01
Stebug76: posts big blind $0.02
*** HOLE CARDS ***
Dealt to Dorex2007 [Tc 7c]
Meh31415: folds 
Dorex2007: folds 
taisales: folds 
bulabula83161: raises $0.04 to $0.06
Rovi941: folds 
wlsrbf leaves the table
the_brave83: calls $0.06
European1000: calls $0.05
Stebug76: folds 
*** FLOP *** [Kd 6s 5h]
European1000: checks 
bulabula83161: checks 
the_brave83: checks 
*** TURN *** [Kd 6s 5h] [9d]
European1000: checks 
bulabula83161: checks 
the_brave83: bets $0.10
European1000: folds 
conan230871 joins the table at seat #6 
bulabula83161: calls $0.10
*** RIVER *** [Kd 6s 5h 9d] [9h]
bulabula83161: checks 
the_brave83: checks 
*** SHOW DOWN ***
bulabula83161: shows [7s 6c] (two pair, Nines and Sixes)
the_brave83: shows [6d Ad] (two pair, Nines and Sixes - Ace kicker)
the_brave83 collected $0.39 from pot
*** SUMMARY ***
Total pot $0.40 | Rake $0.01 
Board [Kd 6s 5h 9d 9h]
Seat 1: taisales folded before Flop (didn't bet)
Seat 2: bulabula83161 showed [7s 6c] and lost with two pair, Nines and Sixes
Seat 3: Rovi941 folded before Flop (didn't bet)
Seat 4: the_brave83 (button) showed [6d Ad] and won ($0.39) with two pair, Nines and Sixes
Seat 5: European1000 (small blind) folded on the Turn
Seat 7: Stebug76 (big blind) folded before Flop
Seat 8: Meh31415 folded before Flop (didn't bet)
Seat 9: Dorex2007 folded before Flop (didn't bet)



PokerStars Hand #236275420255:  Hold'em No Limit ($0.01/$0.02 USD) - 2022/05/21 15:37:33 PT [2022/05/21 18:37:33 ET]
Table 'Dangreen' 9-max Seat #5 is the button
Seat 1: taisales ($1.06 in chips) 
Seat 2: bulabula83161 ($1.31 in chips) 
Seat 3: Rovi941 ($1.26 in chips) 
Seat 4: the_brave83 ($3.30 in chips) 
Seat 5: European1000 ($1.91 in chips) 
Seat 7: Stebug76 ($1.85 in chips) 
Seat 8: Meh31415 ($4.43 in chips) 
Seat 9: Dorex2007 ($2.77 in chips) 
Stebug76: posts small blind $0.01
Meh31415: posts big blind $0.02
*** HOLE CARDS ***
Dealt to Dorex2007 [2d 9c]
Dorex2007: folds 
taisales: calls $0.02
bulabula83161: folds 
Rovi941: folds 
the_brave83: folds 
European1000: folds 
Stebug76: raises $0.06 to $0.08
Meh31415: folds 
taisales: calls $0.06
*** FLOP *** [9s 5c Kc]
Stebug76: bets $0.08
taisales: folds 
Uncalled bet ($0.08) returned to Stebug76
Stebug76 collected $0.17 from pot
Stebug76: doesn't show hand 
*** SUMMARY ***
Total pot $0.18 | Rake $0.01 
Board [9s 5c Kc]
Seat 1: taisales folded on the Flop
Seat 2: bulabula83161 folded before Flop (didn't bet)
Seat 3: Rovi941 folded before Flop (didn't bet)
Seat 4: the_brave83 folded before Flop (didn't bet)
Seat 5: European1000 (button) folded before Flop (didn't bet)
Seat 7: Stebug76 (small blind) collected ($0.17)
Seat 8: Meh31415 (big blind) folded before Flop
Seat 9: Dorex2007 folded before Flop (didn't bet)



PokerStars Hand #236275433234:  Hold'em No Limit ($0.01/$0.02 USD) - 2022/05/21 15:38:14 PT [2022/05/21 18:38:14 ET]
Table 'Dangreen' 9-max Seat #7 is the button
Seat 1: taisales ($0.98 in chips) 
Seat 2: bulabula83161 ($1.31 in chips) 
Seat 3: Rovi941 ($1.26 in chips) 
Seat 4: the_brave83 ($3.30 in chips) 
Seat 5: European1000 ($1.91 in chips) 
Seat 6: conan230871 ($1 in chips) 
Seat 7: Stebug76 ($1.94 in chips) 
Seat 8: Meh31415 ($4.41 in chips) 
Seat 9: Dorex2007 ($2.77 in chips) 
Meh31415: posts small blind $0.01
Dorex2007: posts big blind $0.02
conan230871: posts big blind $0.02
*** HOLE CARDS ***
Dealt to Dorex2007 [6s 8c]
taisales: raises $0.04 to $0.06
bulabula83161: folds 
Rovi941: folds 
the_brave83: calls $0.06
European1000: calls $0.06
conan230871: folds 
Stebug76: folds 
Meh31415: folds 
Dorex2007: folds 
*** FLOP *** [Jc 8h 2c]
taisales: bets $0.06
the_brave83: calls $0.06
European1000: raises $0.14 to $0.20
taisales: calls $0.14
the_brave83: folds 
*** TURN *** [Jc 8h 2c] [Qs]
taisales: checks 
European1000: bets $0.12
taisales: calls $0.12
*** RIVER *** [Jc 8h 2c Qs] [3c]
taisales: checks 
European1000: checks 
*** SHOW DOWN ***
taisales: shows [Ts Jd] (a pair of Jacks)
European1000: shows [Jh Kd] (a pair of Jacks - King kicker)
European1000 collected $0.90 from pot
*** SUMMARY ***
Total pot $0.93 | Rake $0.03 
Board [Jc 8h 2c Qs 3c]
Seat 1: taisales showed [Ts Jd] and lost with a pair of Jacks
Seat 2: bulabula83161 folded before Flop (didn't bet)
Seat 3: Rovi941 folded before Flop (didn't bet)
Seat 4: the_brave83 folded on the Flop
Seat 5: European1000 showed [Jh Kd] and won ($0.90) with a pair of Jacks
Seat 6: conan230871 folded before Flop (didn't bet)
Seat 7: Stebug76 (button) folded before Flop (didn't bet)
Seat 8: Meh31415 (small blind) folded before Flop
Seat 9: Dorex2007 (big blind) folded before Flop



PokerStars Hand #236275453164:  Hold'em No Limit ($0.01/$0.02 USD) - 2022/05/21 15:39:17 PT [2022/05/21 18:39:17 ET]
Table 'Dangreen' 9-max Seat #8 is the button
Seat 1: taisales ($0.60 in chips) 
Seat 2: bulabula83161 ($1.31 in chips) 
Seat 3: Rovi941 ($1.26 in chips) 
Seat 4: the_brave83 ($3.18 in chips) 
Seat 5: European1000 ($2.43 in chips) 
Seat 6: conan230871 ($0.98 in chips) 
Seat 7: Stebug76 ($1.94 in chips) 
Seat 8: Meh31415 ($4.40 in chips) 
Seat 9: Dorex2007 ($2.75 in chips) 
Dorex2007: posts small blind $0.01
taisales: posts big blind $0.02
*** HOLE CARDS ***
Dealt to Dorex2007 [3h Tc]
bulabula83161: raises $0.04 to $0.06
Rovi941: folds 
the_brave83: folds 
European1000: folds 
conan230871: folds 
Stebug76: calls $0.06
Meh31415: calls $0.06
Dorex2007: folds 
taisales: calls $0.04
*** FLOP *** [Qd Ks Jh]
taisales: checks 
bulabula83161: checks 
Stebug76: bets $0.12
Meh31415: folds 
taisales: folds 
bulabula83161: folds 
Uncalled bet ($0.12) returned to Stebug76
Stebug76 collected $0.24 from pot
Stebug76: doesn't show hand 
*** SUMMARY ***
Total pot $0.25 | Rake $0.01 
Board [Qd Ks Jh]
Seat 1: taisales (big blind) folded on the Flop
Seat 2: bulabula83161 folded on the Flop
Seat 3: Rovi941 folded before Flop (didn't bet)
Seat 4: the_brave83 folded before Flop (didn't bet)
Seat 5: European1000 folded before Flop (didn't bet)
Seat 6: conan230871 folded before Flop (didn't bet)
Seat 7: Stebug76 collected ($0.24)
Seat 8: Meh31415 (button) folded on the Flop
Seat 9: Dorex2007 (small blind) folded before Flop



PokerStars Hand #236275474630:  Hold'em No Limit ($0.01/$0.02 USD) - 2022/05/21 15:40:24 PT [2022/05/21 18:40:24 ET]
Table 'Dangreen' 9-max Seat #9 is the button
Seat 1: taisales ($0.54 in chips) 
Seat 2: bulabula83161 ($1.25 in chips) 
Seat 3: Rovi941 ($1.26 in chips) 
Seat 4: the_brave83 ($3.18 in chips) 
Seat 5: European1000 ($2.43 in chips) 
Seat 6: conan230871 ($0.98 in chips) 
Seat 7: Stebug76 ($2.12 in chips) 
Seat 8: Meh31415 ($4.34 in chips) 
Seat 9: Dorex2007 ($2.74 in chips) 
taisales: posts small blind $0.01
bulabula83161: posts big blind $0.02
*** HOLE CARDS ***
Dealt to Dorex2007 [5c Ac]
Rovi941: folds 
the_brave83: folds 
European1000: folds 
conan230871: folds 
Stebug76: folds 
Meh31415: folds 
Dorex2007: raises $0.04 to $0.06
taisales: folds 
bulabula83161: folds 
Uncalled bet ($0.04) returned to Dorex2007
Dorex2007 collected $0.05 from pot
Dorex2007: doesn't show hand 
*** SUMMARY ***
Total pot $0.05 | Rake $0 
Seat 1: taisales (small blind) folded before Flop
Seat 2: bulabula83161 (big blind) folded before Flop
Seat 3: Rovi941 folded before Flop (didn't bet)
Seat 4: the_brave83 folded before Flop (didn't bet)
Seat 5: European1000 folded before Flop (didn't bet)
Seat 6: conan230871 folded before Flop (didn't bet)
Seat 7: Stebug76 folded before Flop (didn't bet)
Seat 8: Meh31415 folded before Flop (didn't bet)
Seat 9: Dorex2007 (button) collected ($0.05)



PokerStars Hand #236275483961:  Hold'em No Limit ($0.01/$0.02 USD) - 2022/05/21 15:40:52 PT [2022/05/21 18:40:52 ET]
Table 'Dangreen' 9-max Seat #1 is the button
Seat 1: taisales ($0.53 in chips) 
Seat 2: bulabula83161 ($1.23 in chips) 
Seat 3: Rovi941 ($1.26 in chips) 
Seat 4: the_brave83 ($3.18 in chips) 
Seat 5: European1000 ($2.43 in chips) 
Seat 6: conan230871 ($0.98 in chips) 
Seat 7: Stebug76 ($2.12 in chips) 
Seat 8: Meh31415 ($4.34 in chips) 
Seat 9: Dorex2007 ($2.77 in chips) 
bulabula83161: posts small blind $0.01
Rovi941: posts big blind $0.02
*** HOLE CARDS ***
Dealt to Dorex2007 [5s Tc]
the_brave83: folds 
European1000: raises $0.04 to $0.06
conan230871: folds 
Stebug76: folds 
Meh31415: folds 
Dorex2007: folds 
taisales: folds 
bulabula83161: calls $0.05
Rovi941: folds 
*** FLOP *** [3h Jc 9s]
bulabula83161: checks 
European1000: checks 
*** TURN *** [3h Jc 9s] [7c]
bulabula83161: checks 
European1000: bets $0.07
bulabula83161: calls $0.07
*** RIVER *** [3h Jc 9s 7c] [9h]
bulabula83161: checks 
European1000: checks 
*** SHOW DOWN ***
bulabula83161: shows [2s 2h] (two pair, Nines and Deuces)
European1000: mucks hand 
bulabula83161 collected $0.27 from pot
*** SUMMARY ***
Total pot $0.28 | Rake $0.01 
Board [3h Jc 9s 7c 9h]
Seat 1: taisales (button) folded before Flop (didn't bet)
Seat 2: bulabula83161 (small blind) showed [2s 2h] and won ($0.27) with two pair, Nines and Deuces
Seat 3: Rovi941 (big blind) folded before Flop
Seat 4: the_brave83 folded before Flop (didn't bet)
Seat 5: European1000 mucked [Ac 5c]
Seat 6: conan230871 folded before Flop (didn't bet)
Seat 7: Stebug76 folded before Flop (didn't bet)
Seat 8: Meh31415 folded before Flop (didn't bet)
Seat 9: Dorex2007 folded before Flop (didn't bet)



PokerStars Hand #236275497205:  Hold'em No Limit ($0.01/$0.02 USD) - 2022/05/21 15:41:34 PT [2022/05/21 18:41:34 ET]
Table 'Dangreen' 9-max Seat #2 is the button
Seat 1: taisales ($0.53 in chips) 
Seat 2: bulabula83161 ($1.37 in chips) 
Seat 3: Rovi941 ($1.24 in chips) 
Seat 4: the_brave83 ($3.18 in chips) 
Seat 5: European1000 ($2.30 in chips) 
Seat 6: conan230871 ($0.98 in chips) 
Seat 7: Stebug76 ($2.12 in chips) 
Seat 8: Meh31415 ($4.34 in chips) 
Seat 9: Dorex2007 ($2.77 in chips) 
Rovi941: posts small blind $0.01
the_brave83: posts big blind $0.02
*** HOLE CARDS ***
Dealt to Dorex2007 [Td 2d]
European1000: folds 
conan230871: folds 
Stebug76: folds 
Meh31415: folds 
Dorex2007: folds 
taisales: folds 
bulabula83161: folds 
Rovi941: raises $0.02 to $0.04
the_brave83: raises $0.06 to $0.10
Rovi941: raises $0.26 to $0.36
the_brave83: calls $0.26
*** FLOP *** [Ks Qs 8c]
Rovi941: checks 
the_brave83: checks 
*** TURN *** [Ks Qs 8c] [5c]
Rovi941: bets $0.18
the_brave83: calls $0.18
*** RIVER *** [Ks Qs 8c 5c] [8s]
Rovi941: bets $0.70 and is all-in
the_brave83: folds 
Uncalled bet ($0.70) returned to Rovi941
Rovi941 collected $1.04 from pot
Rovi941: doesn't show hand 
*** SUMMARY ***
Total pot $1.08 | Rake $0.04 
Board [Ks Qs 8c 5c 8s]
Seat 1: taisales folded before Flop (didn't bet)
Seat 2: bulabula83161 (button) folded before Flop (didn't bet)
Seat 3: Rovi941 (small blind) collected ($1.04)
Seat 4: the_brave83 (big blind) folded on the River
Seat 5: European1000 folded before Flop (didn't bet)
Seat 6: conan230871 folded before Flop (didn't bet)
Seat 7: Stebug76 folded before Flop (didn't bet)
Seat 8: Meh31415 folded before Flop (didn't bet)
Seat 9: Dorex2007 folded before Flop (didn't bet)



PokerStars Hand #236275639284:  Hold'em No Limit ($0.01/$0.02 USD) - 2022/05/21 15:48:11 PT [2022/05/21 18:48:11 ET]
Table 'Dangreen' 9-max Seat #1 is the button
Seat 1: taisales ($1.20 in chips) 
Seat 2: bulabula83161 ($1.63 in chips) 
Seat 3: Rovi941 ($1.74 in chips) 
Seat 4: the_brave83 ($2.63 in chips) 
Seat 5: European1000 ($1.72 in chips) 
Seat 6: conan230871 ($0.91 in chips) 
Seat 7: Stebug76 ($1.82 in chips) 
Seat 8: Meh31415 ($4.30 in chips) 
Seat 9: Dorex2007 ($2.77 in chips) 
bulabula83161: posts small blind $0.01
Rovi941: posts big blind $0.02
Dorex2007: posts small & big blinds $0.03
*** HOLE CARDS ***
Dealt to Dorex2007 [Jc 2d]
the_brave83: calls $0.02
European1000: calls $0.02
conan230871: folds 
Stebug76: folds 
Meh31415: folds 
Dorex2007: checks 
taisales: folds 
bulabula83161: raises $0.11 to $0.13
Rovi941: folds 
the_brave83: calls $0.11
European1000: calls $0.11
Dorex2007: folds 
*** FLOP *** [Kh 7h 7s]
bulabula83161: checks 
the_brave83: checks 
European1000: bets $0.21
bulabula83161: calls $0.21
the_brave83: folds 
*** TURN *** [Kh 7h 7s] [8s]
bulabula83161: checks 
European1000: checks 
*** RIVER *** [Kh 7h 7s 8s] [Ah]
bulabula83161: bets $0.83
European1000: calls $0.83
*** SHOW DOWN ***
bulabula83161: shows [4h 3h] (a flush, Ace high)
European1000: mucks hand 
bulabula83161 collected $2.41 from pot
*** SUMMARY ***
Total pot $2.52 | Rake $0.11 
Board [Kh 7h 7s 8s Ah]
Seat 1: taisales (button) folded before Flop (didn't bet)
Seat 2: bulabula83161 (small blind) showed [4h 3h] and won ($2.41) with a flush, Ace high
Seat 3: Rovi941 (big blind) folded before Flop
Seat 4: the_brave83 folded on the Flop
Seat 5: European1000 mucked [Qd As]
Seat 6: conan230871 folded before Flop (didn't bet)
Seat 7: Stebug76 folded before Flop (didn't bet)
Seat 8: Meh31415 folded before Flop (didn't bet)
Seat 9: Dorex2007 folded before Flop (didn't bet)



PokerStars Hand #236275659481:  Hold'em No Limit ($0.01/$0.02 USD) - 2022/05/21 15:49:16 PT [2022/05/21 18:49:16 ET]
Table 'Dangreen' 9-max Seat #2 is the button
Seat 1: taisales ($1.20 in chips) 
Seat 2: bulabula83161 ($2.87 in chips) 
Seat 3: Rovi941 ($1.72 in chips) 
Seat 4: the_brave83 ($2.50 in chips) 
Seat 5: European1000 ($0.55 in chips) 
Seat 6: conan230871 ($0.91 in chips) 
Seat 7: Stebug76 ($1.82 in chips) 
Seat 8: Meh31415 ($4.30 in chips) 
Seat 9: Dorex2007 ($2.74 in chips) 
Rovi941: posts small blind $0.01
the_brave83: posts big blind $0.02
*** HOLE CARDS ***
Dealt to Dorex2007 [Tc 9d]
European1000: calls $0.02
conan230871: folds 
Stebug76: folds 
Meh31415: folds 
Dorex2007: folds 
taisales: calls $0.02
bulabula83161: folds 
Rovi941: folds 
the_brave83: checks 
*** FLOP *** [Qc Qs 9h]
the_brave83: bets $0.04
European1000: raises $0.49 to $0.53 and is all-in
taisales: folds 
the_brave83: folds 
Uncalled bet ($0.49) returned to European1000
European1000 collected $0.14 from pot
European1000: doesn't show hand 
*** SUMMARY ***
Total pot $0.15 | Rake $0.01 
Board [Qc Qs 9h]
Seat 1: taisales folded on the Flop
Seat 2: bulabula83161 (button) folded before Flop (didn't bet)
Seat 3: Rovi941 (small blind) folded before Flop
Seat 4: the_brave83 (big blind) folded on the Flop
Seat 5: European1000 collected ($0.14)
Seat 6: conan230871 folded before Flop (didn't bet)
Seat 7: Stebug76 folded before Flop (didn't bet)
Seat 8: Meh31415 folded before Flop (didn't bet)
Seat 9: Dorex2007 folded before Flop (didn't bet)



PokerStars Hand #236275669920:  Hold'em No Limit ($0.01/$0.02 USD) - 2022/05/21 15:49:50 PT [2022/05/21 18:49:50 ET]
Table 'Dangreen' 9-max Seat #3 is the button
Seat 1: taisales ($1.18 in chips) 
Seat 2: bulabula83161 ($2.87 in chips) 
Seat 3: Rovi941 ($1.71 in chips) 
Seat 4: the_brave83 ($2.44 in chips) 
Seat 5: European1000 ($0.63 in chips) 
Seat 6: conan230871 ($0.91 in chips) 
Seat 7: Stebug76 ($1.82 in chips) 
Seat 8: Meh31415 ($4.30 in chips) 
Seat 9: Dorex2007 ($2.74 in chips) 
the_brave83: posts small blind $0.01
European1000: posts big blind $0.02
*** HOLE CARDS ***
Dealt to Dorex2007 [7d 5d]
conan230871: folds 
Stebug76: folds 
Meh31415: raises $0.04 to $0.06
Dorex2007: folds 
taisales: folds 
bulabula83161: calls $0.06
Rovi941: folds 
the_brave83: folds 
European1000: calls $0.04
*** FLOP *** [5s 4h Jd]
European1000: checks 
Meh31415: bets $0.06
bulabula83161: calls $0.06
European1000: folds 
*** TURN *** [5s 4h Jd] [Qh]
Meh31415: bets $0.16
bulabula83161: calls $0.16
*** RIVER *** [5s 4h Jd Qh] [3d]
Meh31415: checks 
bulabula83161: checks 
*** SHOW DOWN ***
Meh31415: shows [Kd Ad] (high card Ace)
bulabula83161: mucks hand 
Meh31415 collected $0.61 from pot
*** SUMMARY ***
Total pot $0.63 | Rake $0.02 
Board [5s 4h Jd Qh 3d]
Seat 1: taisales folded before Flop (didn't bet)
Seat 2: bulabula83161 mucked [Ts Kh]
Seat 3: Rovi941 (button) folded before Flop (didn't bet)
Seat 4: the_brave83 (small blind) folded before Flop
Seat 5: European1000 (big blind) folded on the Flop
Seat 6: conan230871 folded before Flop (didn't bet)
Seat 7: Stebug76 folded before Flop (didn't bet)
Seat 8: Meh31415 showed [Kd Ad] and won ($0.61) with high card Ace
Seat 9: Dorex2007 folded before Flop (didn't bet)



PokerStars Hand #236275687559:  Hold'em No Limit ($0.01/$0.02 USD) - 2022/05/21 15:50:48 PT [2022/05/21 18:50:48 ET]
Table 'Dangreen' 9-max Seat #5 is the button
Seat 1: taisales ($1.18 in chips) 
Seat 2: bulabula83161 ($2.59 in chips) 
Seat 3: Rovi941 ($1.71 in chips) 
Seat 5: European1000 ($0.57 in chips) 
Seat 6: conan230871 ($0.91 in chips) 
Seat 7: Stebug76 ($1.82 in chips) 
Seat 8: Meh31415 ($4.63 in chips) 
Seat 9: Dorex2007 ($2.74 in chips) 
conan230871: posts small blind $0.01
Stebug76: posts big blind $0.02
*** HOLE CARDS ***
Dealt to Dorex2007 [8d Td]
Meh31415: folds 
Dorex2007: folds 
taisales: raises $0.04 to $0.06
bulabula83161: folds 
Rovi941: folds 
European1000: folds 
conan230871: folds 
Stebug76: folds 
Uncalled bet ($0.04) returned to taisales
taisales collected $0.05 from pot
taisales: doesn't show hand 
*** SUMMARY ***
Total pot $0.05 | Rake $0 
Seat 1: taisales collected ($0.05)
Seat 2: bulabula83161 folded before Flop (didn't bet)
Seat 3: Rovi941 folded before Flop (didn't bet)
Seat 5: European1000 (button) folded before Flop (didn't bet)
Seat 6: conan230871 (small blind) folded before Flop
Seat 7: Stebug76 (big blind) folded before Flop
Seat 8: Meh31415 folded before Flop (didn't bet)
Seat 9: Dorex2007 folded before Flop (didn't bet)



PokerStars Hand #236275693561:  Hold'em No Limit ($0.01/$0.02 USD) - 2022/05/21 15:51:08 PT [2022/05/21 18:51:08 ET]
Table 'Dangreen' 9-max Seat #6 is the button
Seat 1: taisales ($1.21 in chips) 
Seat 2: bulabula83161 ($2.59 in chips) 
Seat 3: Rovi941 ($1.71 in chips) 
Seat 5: European1000 ($0.57 in chips) 
Seat 6: conan230871 ($0.90 in chips) 
Seat 7: Stebug76 ($1.80 in chips) 
Seat 8: Meh31415 ($4.63 in chips) 
Seat 9: Dorex2007 ($2.74 in chips) 
Stebug76: posts small blind $0.01
Meh31415: posts big blind $0.02
*** HOLE CARDS ***
Dealt to Dorex2007 [Ad Ks]
Dorex2007: raises $0.04 to $0.06
taisales: calls $0.06
bulabula83161: calls $0.06
Rovi941: folds 
European1000: folds 
conan230871: folds 
Stebug76: folds 
Meh31415: calls $0.04
*** FLOP *** [3s Jc 4c]
Meh31415: checks 
Dorex2007: checks 
taisales: checks 
bulabula83161: bets $0.24
Meh31415: folds 
Dorex2007: folds 
taisales: folds 
Uncalled bet ($0.24) returned to bulabula83161
bulabula83161 collected $0.24 from pot
bulabula83161: doesn't show hand 
*** SUMMARY ***
Total pot $0.25 | Rake $0.01 
Board [3s Jc 4c]
Seat 1: taisales folded on the Flop
Seat 2: bulabula83161 collected ($0.24)
Seat 3: Rovi941 folded before Flop (didn't bet)
Seat 5: European1000 folded before Flop (didn't bet)
Seat 6: conan230871 (button) folded before Flop (didn't bet)
Seat 7: Stebug76 (small blind) folded before Flop
Seat 8: Meh31415 (big blind) folded on the Flop
Seat 9: Dorex2007 folded on the Flop



PokerStars Hand #236275705605:  Hold'em No Limit ($0.01/$0.02 USD) - 2022/05/21 15:51:47 PT [2022/05/21 18:51:47 ET]
Table 'Dangreen' 9-max Seat #7 is the button
Seat 1: taisales ($1.15 in chips) 
Seat 2: bulabula83161 ($2.77 in chips) 
Seat 3: Rovi941 ($1.71 in chips) 
Seat 4: the_brave83 ($2.43 in chips) 
Seat 5: European1000 ($0.57 in chips) 
Seat 6: conan230871 ($0.90 in chips) 
Seat 7: Stebug76 ($1.79 in chips) 
Seat 8: Meh31415 ($4.57 in chips) 
Seat 9: Dorex2007 ($2.68 in chips) 
Meh31415: posts small blind $0.01
Dorex2007: posts big blind $0.02
*** HOLE CARDS ***
Dealt to Dorex2007 [Jh 5c]
taisales: calls $0.02
bulabula83161: raises $0.04 to $0.06
Rovi941: folds 
the_brave83: calls $0.06
European1000: raises $0.51 to $0.57 and is all-in
conan230871: folds 
Stebug76: folds 
Meh31415: folds 
Dorex2007: folds 
taisales: folds 
bulabula83161: folds 
the_brave83: folds 
Uncalled bet ($0.51) returned to European1000
European1000 collected $0.23 from pot
European1000: doesn't show hand 
*** SUMMARY ***
Total pot $0.23 | Rake $0 
Seat 1: taisales folded before Flop
Seat 2: bulabula83161 folded before Flop
Seat 3: Rovi941 folded before Flop (didn't bet)
Seat 4: the_brave83 folded before Flop
Seat 5: European1000 collected ($0.23)
Seat 6: conan230871 folded before Flop (didn't bet)
Seat 7: Stebug76 (button) folded before Flop (didn't bet)
Seat 8: Meh31415 (small blind) folded before Flop
Seat 9: Dorex2007 (big blind) folded before Flop



PokerStars Hand #236275716452:  Hold'em No Limit ($0.01/$0.02 USD) - 2022/05/21 15:52:22 PT [2022/05/21 18:52:22 ET]
Table 'Dangreen' 9-max Seat #8 is the button
Seat 1: taisales ($1.13 in chips) 
Seat 2: bulabula83161 ($2.71 in chips) 
Seat 3: Rovi941 ($1.71 in chips) 
Seat 4: the_brave83 ($2.37 in chips) 
Seat 5: European1000 ($0.74 in chips) 
Seat 6: conan230871 ($0.90 in chips) 
Seat 7: Stebug76 ($1.79 in chips) 
Seat 8: Meh31415 ($4.56 in chips) 
Seat 9: Dorex2007 ($2.66 in chips) 
Dorex2007: posts small blind $0.01
taisales: posts big blind $0.02
*** HOLE CARDS ***
Dealt to Dorex2007 [Ac Qs]
bulabula83161: folds 
Rovi941: folds 
the_brave83: folds 
European1000: folds 
conan230871: folds 
Stebug76: folds 
Meh31415: raises $0.04 to $0.06
Dorex2007: raises $0.12 to $0.18
taisales: folds 
Meh31415: folds 
Uncalled bet ($0.12) returned to Dorex2007
Dorex2007 collected $0.14 from pot
Dorex2007: doesn't show hand 
*** SUMMARY ***
Total pot $0.14 | Rake $0 
Seat 1: taisales (big blind) folded before Flop
Seat 2: bulabula83161 folded before Flop (didn't bet)
Seat 3: Rovi941 folded before Flop (didn't bet)
Seat 4: the_brave83 folded before Flop (didn't bet)
Seat 5: European1000 folded before Flop (didn't bet)
Seat 6: conan230871 folded before Flop (didn't bet)
Seat 7: Stebug76 folded before Flop (didn't bet)
Seat 8: Meh31415 (button) folded before Flop
Seat 9: Dorex2007 (small blind) collected ($0.14)



PokerStars Hand #236275725791:  Hold'em No Limit ($0.01/$0.02 USD) - 2022/05/21 15:52:52 PT [2022/05/21 18:52:52 ET]
Table 'Dangreen' 9-max Seat #9 is the button
Seat 1: taisales ($1.11 in chips) 
Seat 2: bulabula83161 ($2.71 in chips) 
Seat 3: Rovi941 ($1.71 in chips) 
Seat 4: the_brave83 ($2.37 in chips) 
Seat 5: European1000 ($0.74 in chips) 
Seat 6: conan230871 ($0.90 in chips) 
Seat 7: Stebug76 ($1.79 in chips) 
Seat 8: Meh31415 ($4.50 in chips) 
Seat 9: Dorex2007 ($2.74 in chips) 
taisales: posts small blind $0.01
bulabula83161: posts big blind $0.02
*** HOLE CARDS ***
Dealt to Dorex2007 [5c 2d]
Rovi941: folds 
the_brave83: folds 
European1000: raises $0.10 to $0.12
conan230871: folds 
Stebug76: folds 
Meh31415: folds 
Dorex2007: folds 
taisales: folds 
bulabula83161: folds 
Uncalled bet ($0.10) returned to European1000
European1000 collected $0.05 from pot
European1000: doesn't show hand 
*** SUMMARY ***
Total pot $0.05 | Rake $0 
Seat 1: taisales (small blind) folded before Flop
Seat 2: bulabula83161 (big blind) folded before Flop
Seat 3: Rovi941 folded before Flop (didn't bet)
Seat 4: the_brave83 folded before Flop (didn't bet)
Seat 5: European1000 collected ($0.05)
Seat 6: conan230871 folded before Flop (didn't bet)
Seat 7: Stebug76 folded before Flop (didn't bet)
Seat 8: Meh31415 folded before Flop (didn't bet)
Seat 9: Dorex2007 (button) folded before Flop (didn't bet)



PokerStars Hand #236275731058:  Hold'em No Limit ($0.01/$0.02 USD) - 2022/05/21 15:53:10 PT [2022/05/21 18:53:10 ET]
Table 'Dangreen' 9-max Seat #1 is the button
Seat 1: taisales ($1.10 in chips) 
Seat 2: bulabula83161 ($2.69 in chips) 
Seat 3: Rovi941 ($1.71 in chips) 
Seat 4: the_brave83 ($2.37 in chips) 
Seat 5: European1000 ($0.77 in chips) 
Seat 6: conan230871 ($0.90 in chips) 
Seat 7: Stebug76 ($1.79 in chips) 
Seat 8: Meh31415 ($4.50 in chips) 
Seat 9: Dorex2007 ($2.74 in chips) 
bulabula83161: posts small blind $0.01
Rovi941: posts big blind $0.02
*** HOLE CARDS ***
Dealt to Dorex2007 [Jc 2d]
the_brave83: raises $0.04 to $0.06
European1000: folds 
conan230871: folds 
Stebug76: folds 
Meh31415: folds 
Dorex2007: folds 
taisales: calls $0.06
bulabula83161: calls $0.05
Rovi941: calls $0.04
*** FLOP *** [7h Kd 2s]
bulabula83161: checks 
Rovi941: checks 
the_brave83: checks 
taisales: checks 
*** TURN *** [7h Kd 2s] [Td]
bulabula83161: checks 
Rovi941: checks 
the_brave83: bets $0.06
taisales: folds 
bulabula83161: calls $0.06
Rovi941: folds 
*** RIVER *** [7h Kd 2s Td] [9d]
bulabula83161: checks 
the_brave83: bets $0.06
bulabula83161: folds 
Uncalled bet ($0.06) returned to the_brave83
the_brave83 collected $0.35 from pot
*** SUMMARY ***
Total pot $0.36 | Rake $0.01 
Board [7h Kd 2s Td 9d]
Seat 1: taisales (button) folded on the Turn
Seat 2: bulabula83161 (small blind) folded on the River
Seat 3: Rovi941 (big blind) folded on the Turn
Seat 4: the_brave83 collected ($0.35)
Seat 5: European1000 folded before Flop (didn't bet)
Seat 6: conan230871 folded before Flop (didn't bet)
Seat 7: Stebug76 folded before Flop (didn't bet)
Seat 8: Meh31415 folded before Flop (didn't bet)
Seat 9: Dorex2007 folded before Flop (didn't bet)



PokerStars Hand #236275760483:  Hold'em No Limit ($0.01/$0.02 USD) - 2022/05/21 15:54:25 PT [2022/05/21 18:54:25 ET]
Table 'Dangreen' 9-max Seat #2 is the button
Seat 1: taisales ($1.04 in chips) 
Seat 2: bulabula83161 ($2.57 in chips) 
Seat 3: Rovi941 ($1.65 in chips) 
Seat 4: the_brave83 ($2.60 in chips) 
Seat 5: European1000 ($0.77 in chips) 
Seat 6: conan230871 ($0.90 in chips) 
Seat 7: Stebug76 ($1.79 in chips) 
Seat 8: Meh31415 ($4.50 in chips) 
Seat 9: Dorex2007 ($2.74 in chips) 
Rovi941: posts small blind $0.01
the_brave83: posts big blind $0.02
*** HOLE CARDS ***
Dealt to Dorex2007 [5s Ks]
European1000: folds 
conan230871: folds 
Stebug76: folds 
Stebug76 leaves the table
Meh31415: folds 
Dorex2007: folds 
taisales: raises $0.04 to $0.06
bulabula83161: calls $0.06
Rovi941: raises $0.12 to $0.18
the_brave83: folds 
taisales: calls $0.12
bulabula83161: calls $0.12
*** FLOP *** [4h 3h 5c]
Rovi941: bets $0.16
padelante2020 joins the table at seat #7 
taisales: calls $0.16
bulabula83161: calls $0.16
*** TURN *** [4h 3h 5c] [Qc]
Rovi941: checks 
taisales: checks 
bulabula83161: bets $0.50
Rovi941: folds 
taisales: calls $0.50
*** RIVER *** [4h 3h 5c Qc] [9d]
taisales: checks 
bulabula83161: bets $1.73 and is all-in
taisales: calls $0.20 and is all-in
Uncalled bet ($1.53) returned to bulabula83161
*** SHOW DOWN ***
bulabula83161: shows [6s 8h] (high card Queen)
taisales: shows [Ad 4d] (a pair of Fours)
taisales collected $2.35 from pot
*** SUMMARY ***
Total pot $2.44 | Rake $0.09 
Board [4h 3h 5c Qc 9d]
Seat 1: taisales showed [Ad 4d] and won ($2.35) with a pair of Fours
Seat 2: bulabula83161 (button) showed [6s 8h] and lost with high card Queen
Seat 3: Rovi941 (small blind) folded on the Turn
Seat 4: the_brave83 (big blind) folded before Flop
Seat 5: European1000 folded before Flop (didn't bet)
Seat 6: conan230871 folded before Flop (didn't bet)
Seat 7: Stebug76 folded before Flop (didn't bet)
Seat 8: Meh31415 folded before Flop (didn't bet)
Seat 9: Dorex2007 folded before Flop (didn't bet)



PokerStars Hand #236275786946:  Hold'em No Limit ($0.01/$0.02 USD) - 2022/05/21 15:56:06 PT [2022/05/21 18:56:06 ET]
Table 'Dangreen' 9-max Seat #3 is the button
Seat 1: taisales ($2.35 in chips) 
Seat 2: bulabula83161 ($1.53 in chips) 
Seat 3: Rovi941 ($1.31 in chips) 
Seat 4: the_brave83 ($2.58 in chips) 
Seat 6: conan230871 ($0.90 in chips) 
Seat 7: padelante2020 ($2 in chips) 
Seat 8: Meh31415 ($4.50 in chips) 
Seat 9: Dorex2007 ($2.74 in chips) 
the_brave83: posts small blind $0.01
conan230871: posts big blind $0.02
padelante2020: posts big blind $0.02
*** HOLE CARDS ***
Dealt to Dorex2007 [3h Ad]
padelante2020: raises $0.02 to $0.04
Meh31415: raises $0.08 to $0.12
Dorex2007: folds 
taisales: calls $0.12
bulabula83161: raises $0.43 to $0.55
Rovi941: folds 
the_brave83: folds 
conan230871: folds 
padelante2020: folds 
Meh31415: folds 
taisales: folds 
Uncalled bet ($0.43) returned to bulabula83161
bulabula83161 collected $0.43 from pot
bulabula83161: doesn't show hand 
*** SUMMARY ***
Total pot $0.43 | Rake $0 
Seat 1: taisales folded before Flop
Seat 2: bulabula83161 collected ($0.43)
Seat 3: Rovi941 (button) folded before Flop (didn't bet)
Seat 4: the_brave83 (small blind) folded before Flop
Seat 6: conan230871 (big blind) folded before Flop
Seat 7: padelante2020 folded before Flop
Seat 8: Meh31415 folded before Flop
Seat 9: Dorex2007 folded before Flop (didn't bet)



PokerStars Hand #236275792804:  Hold'em No Limit ($0.01/$0.02 USD) - 2022/05/21 15:56:31 PT [2022/05/21 18:56:31 ET]
Table 'Dangreen' 9-max Seat #4 is the button
Seat 1: taisales ($2.23 in chips) 
Seat 2: bulabula83161 ($1.84 in chips) 
Seat 3: Rovi941 ($1.31 in chips) 
Seat 4: the_brave83 ($2.57 in chips) 
Seat 6: conan230871 ($0.88 in chips) 
Seat 7: padelante2020 ($1.96 in chips) 
Seat 8: Meh31415 ($4.38 in chips) 
Seat 9: Dorex2007 ($2.74 in chips) 
conan230871: posts small blind $0.01
padelante2020: posts big blind $0.02
*** HOLE CARDS ***
Dealt to Dorex2007 [Js Qc]
Meh31415: folds 
Dorex2007: folds 
taisales: folds 
bulabula83161: folds 
Rovi941: folds 
the_brave83: folds 
taisales leaves the table
conan230871: folds 
Uncalled bet ($0.01) returned to padelante2020
padelante2020 collected $0.02 from pot
padelante2020: doesn't show hand 
*** SUMMARY ***
Total pot $0.02 | Rake $0 
Seat 1: taisales folded before Flop (didn't bet)
Seat 2: bulabula83161 folded before Flop (didn't bet)
Seat 3: Rovi941 folded before Flop (didn't bet)
Seat 4: the_brave83 (button) folded before Flop (didn't bet)
Seat 6: conan230871 (small blind) folded before Flop
Seat 7: padelante2020 (big blind) collected ($0.02)
Seat 8: Meh31415 folded before Flop (didn't bet)
Seat 9: Dorex2007 folded before Flop (didn't bet)



PokerStars Hand #236275799009:  Hold'em No Limit ($0.01/$0.02 USD) - 2022/05/21 15:56:57 PT [2022/05/21 18:56:57 ET]
Table 'Dangreen' 9-max Seat #6 is the button
Seat 2: bulabula83161 ($1.84 in chips) 
Seat 3: Rovi941 ($1.31 in chips) 
Seat 4: the_brave83 ($2.57 in chips) 
Seat 5: European1000 ($0.77 in chips) 
Seat 6: conan230871 ($0.87 in chips) 
Seat 7: padelante2020 ($1.97 in chips) 
Seat 8: Meh31415 ($4.38 in chips) 
Seat 9: Dorex2007 ($2.74 in chips) 
padelante2020: posts small blind $0.01
Meh31415: posts big blind $0.02
European1000: posts small & big blinds $0.03
*** HOLE CARDS ***
Dealt to Dorex2007 [2d Qh]
Dorex2007: folds 
bulabula83161: folds 
Rovi941: raises $0.04 to $0.06
the_brave83: folds 
European1000: raises $0.70 to $0.76 and is all-in
conan230871: folds 
padelante2020: folds 
Meh31415: folds 
Rovi941: folds 
Uncalled bet ($0.70) returned to European1000
European1000 collected $0.16 from pot
European1000: doesn't show hand 
*** SUMMARY ***
Total pot $0.16 | Rake $0 
Seat 2: bulabula83161 folded before Flop (didn't bet)
Seat 3: Rovi941 folded before Flop
Seat 4: the_brave83 folded before Flop (didn't bet)
Seat 5: European1000 collected ($0.16)
Seat 6: conan230871 (button) folded before Flop (didn't bet)
Seat 7: padelante2020 (small blind) folded before Flop
Seat 8: Meh31415 (big blind) folded before Flop
Seat 9: Dorex2007 folded before Flop (didn't bet)



PokerStars Hand #236275805808:  Hold'em No Limit ($0.01/$0.02 USD) - 2022/05/21 15:57:26 PT [2022/05/21 18:57:26 ET]
Table 'Dangreen' 9-max Seat #7 is the button
Seat 2: bulabula83161 ($1.84 in chips) 
Seat 3: Rovi941 ($1.25 in chips) 
Seat 4: the_brave83 ($2.57 in chips) 
Seat 5: European1000 ($0.86 in chips) 
Seat 6: conan230871 ($0.87 in chips) 
Seat 7: padelante2020 ($1.96 in chips) 
Seat 8: Meh31415 ($4.36 in chips) 
Seat 9: Dorex2007 ($2.74 in chips) 
Meh31415: posts small blind $0.01
Dorex2007: posts big blind $0.02
*** HOLE CARDS ***
Dealt to Dorex2007 [Kh 4c]
bulabula83161: raises $0.04 to $0.06
Rovi941: folds 
the_brave83: calls $0.06
European1000: folds 
conan230871: folds 
padelante2020: calls $0.06
Meh31415: calls $0.05
Dorex2007: folds 
*** FLOP *** [Th 7s 6h]
Meh31415: checks 
bulabula83161: bets $0.25
the_brave83: folds 
padelante2020: calls $0.25
Meh31415: folds 
*** TURN *** [Th 7s 6h] [Jd]
bulabula83161: bets $0.37
padelante2020: raises $0.44 to $0.81
bulabula83161: calls $0.44
*** RIVER *** [Th 7s 6h Jd] [9d]
bulabula83161: bets $0.72 and is all-in
padelante2020: calls $0.72
*** SHOW DOWN ***
bulabula83161: shows [Tc 9c] (two pair, Tens and Nines)
padelante2020: shows [4d Td] (a pair of Tens)
bulabula83161 collected $3.66 from pot
*** SUMMARY ***
Total pot $3.82 | Rake $0.16 
Board [Th 7s 6h Jd 9d]
Seat 2: bulabula83161 showed [Tc 9c] and won ($3.66) with two pair, Tens and Nines
Seat 3: Rovi941 folded before Flop (didn't bet)
Seat 4: the_brave83 folded on the Flop
Seat 5: European1000 folded before Flop (didn't bet)
Seat 6: conan230871 folded before Flop (didn't bet)
Seat 7: padelante2020 (button) showed [4d Td] and lost with a pair of Tens
Seat 8: Meh31415 (small blind) folded on the Flop
Seat 9: Dorex2007 (big blind) folded before Flop



PokerStars Hand #236275820502:  Hold'em No Limit ($0.01/$0.02 USD) - 2022/05/21 15:58:29 PT [2022/05/21 18:58:29 ET]
Table 'Dangreen' 9-max Seat #8 is the button
Seat 2: bulabula83161 ($3.66 in chips) 
Seat 3: Rovi941 ($1.25 in chips) 
Seat 4: the_brave83 ($2.51 in chips) 
Seat 5: European1000 ($0.86 in chips) 
Seat 6: conan230871 ($0.87 in chips) 
Seat 7: padelante2020 ($0.12 in chips) 
Seat 8: Meh31415 ($4.30 in chips) 
Seat 9: Dorex2007 ($2.72 in chips) 
Dorex2007: posts small blind $0.01
bulabula83161: posts big blind $0.02
*** HOLE CARDS ***
Dealt to Dorex2007 [Qs Td]
Rovi941: folds 
the_brave83: folds 
European1000: calls $0.02
conan230871: folds 
padelante2020: folds 
Meh31415: folds 
Dorex2007: raises $0.04 to $0.06
bulabula83161: calls $0.04
padelante2020 leaves the table
European1000: calls $0.04
*** FLOP *** [Ah 4c 7s]
Dorex2007: checks 
bulabula83161: checks 
European1000: checks 
*** TURN *** [Ah 4c 7s] [4h]
Dorex2007: bets $0.09
bulabula83161: calls $0.09
European1000: raises $0.44 to $0.53
Dorex2007: folds 
bulabula83161: folds 
Uncalled bet ($0.44) returned to European1000
European1000 collected $0.43 from pot
European1000: doesn't show hand 
*** SUMMARY ***
Total pot $0.45 | Rake $0.02 
Board [Ah 4c 7s 4h]
Seat 2: bulabula83161 (big blind) folded on the Turn
Seat 3: Rovi941 folded before Flop (didn't bet)
Seat 4: the_brave83 folded before Flop (didn't bet)
Seat 5: European1000 collected ($0.43)
Seat 6: conan230871 folded before Flop (didn't bet)
Seat 7: padelante2020 folded before Flop (didn't bet)
Seat 8: Meh31415 (button) folded before Flop (didn't bet)
Seat 9: Dorex2007 (small blind) folded on the Turn



PokerStars Hand #236275833881:  Hold'em No Limit ($0.01/$0.02 USD) - 2022/05/21 15:59:26 PT [2022/05/21 18:59:26 ET]
Table 'Dangreen' 9-max Seat #9 is the button
Seat 2: bulabula83161 ($3.51 in chips) 
Seat 3: Rovi941 ($1.25 in chips) 
Seat 4: the_brave83 ($2.51 in chips) 
Seat 5: European1000 ($1.14 in chips) 
Seat 6: conan230871 ($0.87 in chips) 
Seat 8: Meh31415 ($4.30 in chips) 
Seat 9: Dorex2007 ($2.57 in chips) 
bulabula83161: posts small blind $0.01
Rovi941: posts big blind $0.02
*** HOLE CARDS ***
Dealt to Dorex2007 [7s 6h]
the_brave83: folds 
European1000: calls $0.02
conan230871: raises $0.07 to $0.09
Meh31415: folds 
Dorex2007: folds 
bulabula83161: folds 
Rovi941: folds 
European1000: calls $0.07
*** FLOP *** [Ah Qh 7c]
European1000: bets $0.22
conan230871: raises $0.56 to $0.78 and is all-in
European1000: calls $0.56
*** TURN *** [Ah Qh 7c] [7h]
*** RIVER *** [Ah Qh 7c 7h] [4d]
*** SHOW DOWN ***
European1000: shows [Th Kh] (a flush, Ace high)
conan230871: shows [Qs Qc] (a full house, Queens full of Sevens)
conan230871 collected $1.71 from pot
*** SUMMARY ***
Total pot $1.77 | Rake $0.06 
Board [Ah Qh 7c 7h 4d]
Seat 2: bulabula83161 (small blind) folded before Flop
Seat 3: Rovi941 (big blind) folded before Flop
Seat 4: the_brave83 folded before Flop (didn't bet)
Seat 5: European1000 showed [Th Kh] and lost with a flush, Ace high
Seat 6: conan230871 showed [Qs Qc] and won ($1.71) with a full house, Queens full of Sevens
Seat 8: Meh31415 folded before Flop (didn't bet)
Seat 9: Dorex2007 (button) folded before Flop (didn't bet)



PokerStars Hand #236275844744:  Hold'em No Limit ($0.01/$0.02 USD) - 2022/05/21 16:00:12 PT [2022/05/21 19:00:12 ET]
Table 'Dangreen' 9-max Seat #2 is the button
Seat 2: bulabula83161 ($3.50 in chips) 
Seat 3: Rovi941 ($1.23 in chips) 
Seat 4: the_brave83 ($2.51 in chips) 
Seat 5: European1000 ($0.27 in chips) 
Seat 6: conan230871 ($1.71 in chips) 
Seat 8: Meh31415 ($4.30 in chips) 
Seat 9: Dorex2007 ($2.57 in chips) 
Rovi941: posts small blind $0.01
the_brave83: posts big blind $0.02
*** HOLE CARDS ***
Dealt to Dorex2007 [2d Qc]
European1000: folds 
conan230871: folds 
Meh31415: folds 
Dorex2007: folds 
bulabula83161: calls $0.02
Rovi941: calls $0.01
the_brave83: checks 
*** FLOP *** [7h Ad 5s]
Rovi941: checks 
the_brave83: checks 
conan230871 leaves the table
bulabula83161: bets $0.06
Rovi941: folds 
the_brave83: folds 
Uncalled bet ($0.06) returned to bulabula83161
bulabula83161 collected $0.06 from pot
bulabula83161: doesn't show hand 
*** SUMMARY ***
Total pot $0.06 | Rake $0 
Board [7h Ad 5s]
Seat 2: bulabula83161 (button) collected ($0.06)
Seat 3: Rovi941 (small blind) folded on the Flop
Seat 4: the_brave83 (big blind) folded on the Flop
Seat 5: European1000 folded before Flop (didn't bet)
Seat 6: conan230871 folded before Flop (didn't bet)
Seat 8: Meh31415 folded before Flop (didn't bet)
Seat 9: Dorex2007 folded before Flop (didn't bet)



PokerStars Hand #236275853795:  Hold'em No Limit ($0.01/$0.02 USD) - 2022/05/21 16:00:48 PT [2022/05/21 19:00:48 ET]
Table 'Dangreen' 9-max Seat #3 is the button
Seat 2: bulabula83161 ($3.54 in chips) 
Seat 3: Rovi941 ($1.21 in chips) 
Seat 4: the_brave83 ($2.49 in chips) 
Seat 5: European1000 ($0.27 in chips) 
Seat 8: Meh31415 ($4.30 in chips) 
Seat 9: Dorex2007 ($2.57 in chips) 
the_brave83: posts small blind $0.01
European1000: posts big blind $0.02
*** HOLE CARDS ***
Dealt to Dorex2007 [6h 5s]
Meh31415: folds 
Dorex2007: folds 
bulabula83161: raises $0.02 to $0.04
Rovi941: folds 
the_brave83: folds 
European1000: calls $0.02
*** FLOP *** [5h 4h 4c]
European1000: checks 
bulabula83161: checks 
*** TURN *** [5h 4h 4c] [Td]
European1000: bets $0.04
bulabula83161: folds 
Uncalled bet ($0.04) returned to European1000
European1000 collected $0.09 from pot
European1000: doesn't show hand 
*** SUMMARY ***
Total pot $0.09 | Rake $0 
Board [5h 4h 4c Td]
Seat 2: bulabula83161 folded on the Turn
Seat 3: Rovi941 (button) folded before Flop (didn't bet)
Seat 4: the_brave83 (small blind) folded before Flop
Seat 5: European1000 (big blind) collected ($0.09)
Seat 8: Meh31415 folded before Flop (didn't bet)
Seat 9: Dorex2007 folded before Flop (didn't bet)



PokerStars Hand #236275861712:  Hold'em No Limit ($0.01/$0.02 USD) - 2022/05/21 16:01:17 PT [2022/05/21 19:01:17 ET]
Table 'Dangreen' 9-max Seat #4 is the button
Seat 2: bulabula83161 ($3.50 in chips) 
Seat 3: Rovi941 ($1.21 in chips) 
Seat 4: the_brave83 ($2.48 in chips) 
Seat 5: European1000 ($0.32 in chips) 
Seat 8: Meh31415 ($4.30 in chips) 
Seat 9: Dorex2007 ($2.57 in chips) 
European1000: posts small blind $0.01
Meh31415: posts big blind $0.02
*** HOLE CARDS ***
Dealt to Dorex2007 [9s 9d]
Dorex2007: raises $0.02 to $0.04
bulabula83161: calls $0.04
Rovi941: folds 
the_brave83: folds 
European1000: folds 
Meh31415: folds 
*** FLOP *** [Td Jh 3h]
Dorex2007: checks 
bulabula83161: checks 
*** TURN *** [Td Jh 3h] [Kc]
Dorex2007: checks 
bulabula83161: checks 
*** RIVER *** [Td Jh 3h Kc] [8h]
Dorex2007: bets $0.06
bulabula83161: folds 
Uncalled bet ($0.06) returned to Dorex2007
Dorex2007 collected $0.11 from pot
Dorex2007: doesn't show hand 
*** SUMMARY ***
Total pot $0.11 | Rake $0 
Board [Td Jh 3h Kc 8h]
Seat 2: bulabula83161 folded on the River
Seat 3: Rovi941 folded before Flop (didn't bet)
Seat 4: the_brave83 (button) folded before Flop (didn't bet)
Seat 5: European1000 (small blind) folded before Flop
Seat 8: Meh31415 (big blind) folded before Flop
Seat 9: Dorex2007 collected ($0.11)



PokerStars Hand #236275875332:  Hold'em No Limit ($0.01/$0.02 USD) - 2022/05/21 16:02:04 PT [2022/05/21 19:02:04 ET]
Table 'Dangreen' 9-max Seat #5 is the button
Seat 2: bulabula83161 ($3.46 in chips) 
Seat 3: Rovi941 ($1.21 in chips) 
Seat 4: the_brave83 ($2.48 in chips) 
Seat 5: European1000 ($0.31 in chips) 
Seat 8: Meh31415 ($4.28 in chips) 
Seat 9: Dorex2007 ($2.64 in chips) 
Meh31415: posts small blind $0.01
Dorex2007: posts big blind $0.02
*** HOLE CARDS ***
Dealt to Dorex2007 [3s As]
bulabula83161: folds 
Rovi941: folds 
bulabula83161 leaves the table
the_brave83: folds 
European1000: raises $0.29 to $0.31 and is all-in
Meh31415: folds 
Dorex2007: folds 
Uncalled bet ($0.29) returned to European1000
European1000 collected $0.05 from pot
European1000: doesn't show hand 
*** SUMMARY ***
Total pot $0.05 | Rake $0 
Seat 2: bulabula83161 folded before Flop (didn't bet)
Seat 3: Rovi941 folded before Flop (didn't bet)
Seat 4: the_brave83 folded before Flop (didn't bet)
Seat 5: European1000 (button) collected ($0.05)
Seat 8: Meh31415 (small blind) folded before Flop
Seat 9: Dorex2007 (big blind) folded before Flop



PokerStars Hand #236275879070:  Hold'em No Limit ($0.01/$0.02 USD) - 2022/05/21 16:02:16 PT [2022/05/21 19:02:16 ET]
Table 'Dangreen' 9-max Seat #8 is the button
Seat 3: Rovi941 ($1.21 in chips) 
Seat 4: the_brave83 ($2.48 in chips) 
Seat 5: European1000 ($0.34 in chips) 
Seat 8: Meh31415 ($4.27 in chips) 
Seat 9: Dorex2007 ($2.62 in chips) 
Dorex2007: posts small blind $0.01
Rovi941: posts big blind $0.02
*** HOLE CARDS ***
Dealt to Dorex2007 [Ad Js]
the_brave83: folds 
European1000: folds 
Meh31415: folds 
Dorex2007: raises $0.04 to $0.06
Rovi941: folds 
Uncalled bet ($0.04) returned to Dorex2007
Dorex2007 collected $0.04 from pot
Dorex2007: doesn't show hand 
*** SUMMARY ***
Total pot $0.04 | Rake $0 
Seat 3: Rovi941 (big blind) folded before Flop
Seat 4: the_brave83 folded before Flop (didn't bet)
Seat 5: European1000 folded before Flop (didn't bet)
Seat 8: Meh31415 (button) folded before Flop (didn't bet)
Seat 9: Dorex2007 (small blind) collected ($0.04)



