PokerStars Hand #233174484104:  Hold'em No Limit ($0.01/$0.02 USD) - 2022/01/15 16:42:15 PT [2022/01/15 19:42:15 ET]
Table 'Gatria' 9-max Seat #8 is the button
Seat 1: pal bb ($1.67 in chips) 
Seat 2: hokejovybuh44 ($2.25 in chips) 
Seat 3: geyza15 ($2.34 in chips) 
Seat 4: Jdthibodeau ($1.76 in chips) 
Seat 5: LeandroAku ($2.55 in chips) 
Seat 6: Artishell ($5.49 in chips) 
Seat 7: Dorex2007 ($2 in chips) 
Seat 8: ChipakL228 ($2 in chips) 
Seat 9: 2209480 ($4.11 in chips) 
2209480: posts small blind $0.01
pal bb: posts big blind $0.02
Dorex2007: posts big blind $0.02
*** HOLE CARDS ***
Dealt to Dorex2007 [2h 9h]
hokejovybuh44: folds 
geyza15: folds 
Jdthibodeau: folds 
LeandroAku: raises $0.04 to $0.06
Artishell: folds 
Dorex2007: folds 
ChipakL228: calls $0.06
2209480: folds 
pal bb: folds 
*** FLOP *** [Ks 6h Th]
LeandroAku: checks 
ChipakL228: bets $0.08
LeandroAku: calls $0.08
*** TURN *** [Ks 6h Th] [4s]
LeandroAku: checks 
ChipakL228: bets $0.22
LeandroAku: calls $0.22
*** RIVER *** [Ks 6h Th 4s] [8h]
LeandroAku: checks 
ChipakL228: checks 
*** SHOW DOWN ***
LeandroAku: shows [Kh Ad] (a pair of Kings)
ChipakL228: mucks hand 
LeandroAku collected $0.74 from pot
*** SUMMARY ***
Total pot $0.77 | Rake $0.03 
Board [Ks 6h Th 4s 8h]
Seat 1: pal bb (big blind) folded before Flop
Seat 2: hokejovybuh44 folded before Flop (didn't bet)
Seat 3: geyza15 folded before Flop (didn't bet)
Seat 4: Jdthibodeau folded before Flop (didn't bet)
Seat 5: LeandroAku showed [Kh Ad] and won ($0.74) with a pair of Kings
Seat 6: Artishell folded before Flop (didn't bet)
Seat 7: Dorex2007 folded before Flop (didn't bet)
Seat 8: ChipakL228 (button) mucked [Js Qs]
Seat 9: 2209480 (small blind) folded before Flop



PokerStars Hand #233174501439:  Hold'em No Limit ($0.01/$0.02 USD) - 2022/01/15 16:43:01 PT [2022/01/15 19:43:01 ET]
Table 'Gatria' 9-max Seat #9 is the button
Seat 1: pal bb ($1.65 in chips) 
Seat 2: hokejovybuh44 ($2.25 in chips) 
Seat 3: geyza15 ($2.34 in chips) 
Seat 4: Jdthibodeau ($2 in chips) 
Seat 5: LeandroAku ($2.93 in chips) 
Seat 6: Artishell ($5.49 in chips) 
Seat 7: Dorex2007 ($2 in chips) 
Seat 8: ChipakL228 ($2 in chips) 
Seat 9: 2209480 ($4.10 in chips) 
pal bb: posts small blind $0.01
hokejovybuh44: posts big blind $0.02
*** HOLE CARDS ***
Dealt to Dorex2007 [5s Jh]
geyza15: folds 
Jdthibodeau: folds 
LeandroAku: folds 
Artishell: folds 
Dorex2007: folds 
ChipakL228: raises $0.04 to $0.06
2209480: calls $0.06
pal bb: folds 
hokejovybuh44: calls $0.04
*** FLOP *** [6s 3c Th]
hokejovybuh44: checks 
ChipakL228: checks 
2209480: checks 
*** TURN *** [6s 3c Th] [4h]
hokejovybuh44: checks 
ChipakL228: checks 
2209480: checks 
*** RIVER *** [6s 3c Th 4h] [5h]
hokejovybuh44: bets $0.02
ChipakL228: folds 
2209480: folds 
Uncalled bet ($0.02) returned to hokejovybuh44
hokejovybuh44 collected $0.18 from pot
hokejovybuh44: doesn't show hand 
*** SUMMARY ***
Total pot $0.19 | Rake $0.01 
Board [6s 3c Th 4h 5h]
Seat 1: pal bb (small blind) folded before Flop
Seat 2: hokejovybuh44 (big blind) collected ($0.18)
Seat 3: geyza15 folded before Flop (didn't bet)
Seat 4: Jdthibodeau folded before Flop (didn't bet)
Seat 5: LeandroAku folded before Flop (didn't bet)
Seat 6: Artishell folded before Flop (didn't bet)
Seat 7: Dorex2007 folded before Flop (didn't bet)
Seat 8: ChipakL228 folded on the River
Seat 9: 2209480 (button) folded on the River



PokerStars Hand #233174527755:  Hold'em No Limit ($0.01/$0.02 USD) - 2022/01/15 16:44:12 PT [2022/01/15 19:44:12 ET]
Table 'Gatria' 9-max Seat #1 is the button
Seat 1: pal bb ($1.64 in chips) 
Seat 2: hokejovybuh44 ($2.37 in chips) 
Seat 3: geyza15 ($2.34 in chips) 
Seat 4: Jdthibodeau ($2 in chips) 
Seat 5: LeandroAku ($2.93 in chips) 
Seat 6: Artishell ($5.49 in chips) 
Seat 7: Dorex2007 ($2 in chips) 
Seat 8: ChipakL228 ($2 in chips) 
Seat 9: 2209480 ($4.04 in chips) 
hokejovybuh44: posts small blind $0.01
geyza15: posts big blind $0.02
*** HOLE CARDS ***
Dealt to Dorex2007 [9d Qh]
Jdthibodeau: folds 
LeandroAku: folds 
Artishell: folds 
Dorex2007: folds 
ChipakL228: folds 
2209480: folds 
pal bb: folds 
hokejovybuh44: calls $0.01
geyza15: checks 
*** FLOP *** [Kc Th 4s]
hokejovybuh44: checks 
geyza15: checks 
*** TURN *** [Kc Th 4s] [Kh]
hokejovybuh44: checks 
geyza15: checks 
*** RIVER *** [Kc Th 4s Kh] [2d]
hokejovybuh44: checks 
geyza15: checks 
*** SHOW DOWN ***
hokejovybuh44: shows [3s Js] (a pair of Kings)
geyza15: shows [2h 6c] (two pair, Kings and Deuces)
geyza15 collected $0.04 from pot
*** SUMMARY ***
Total pot $0.04 | Rake $0 
Board [Kc Th 4s Kh 2d]
Seat 1: pal bb (button) folded before Flop (didn't bet)
Seat 2: hokejovybuh44 (small blind) showed [3s Js] and lost with a pair of Kings
Seat 3: geyza15 (big blind) showed [2h 6c] and won ($0.04) with two pair, Kings and Deuces
Seat 4: Jdthibodeau folded before Flop (didn't bet)
Seat 5: LeandroAku folded before Flop (didn't bet)
Seat 6: Artishell folded before Flop (didn't bet)
Seat 7: Dorex2007 folded before Flop (didn't bet)
Seat 8: ChipakL228 folded before Flop (didn't bet)
Seat 9: 2209480 folded before Flop (didn't bet)



PokerStars Hand #233174549483:  Hold'em No Limit ($0.01/$0.02 USD) - 2022/01/15 16:45:11 PT [2022/01/15 19:45:11 ET]
Table 'Gatria' 9-max Seat #2 is the button
Seat 1: pal bb ($1.64 in chips) 
Seat 2: hokejovybuh44 ($2.35 in chips) 
Seat 3: geyza15 ($2.36 in chips) 
Seat 4: Jdthibodeau ($2 in chips) 
Seat 5: LeandroAku ($2.93 in chips) 
Seat 6: Artishell ($5.49 in chips) 
Seat 7: Dorex2007 ($2 in chips) 
Seat 8: ChipakL228 ($2 in chips) 
Seat 9: 2209480 ($4.04 in chips) 
geyza15: posts small blind $0.01
Jdthibodeau: posts big blind $0.02
*** HOLE CARDS ***
Dealt to Dorex2007 [Jd Td]
LeandroAku: folds 
Artishell: folds 
Dorex2007: raises $0.04 to $0.06
ChipakL228: folds 
2209480: folds 
pal bb: folds 
hokejovybuh44: raises $0.12 to $0.18
geyza15: folds 
Jdthibodeau: folds 
Dorex2007: folds 
Uncalled bet ($0.12) returned to hokejovybuh44
hokejovybuh44 collected $0.15 from pot
hokejovybuh44: doesn't show hand 
*** SUMMARY ***
Total pot $0.15 | Rake $0 
Seat 1: pal bb folded before Flop (didn't bet)
Seat 2: hokejovybuh44 (button) collected ($0.15)
Seat 3: geyza15 (small blind) folded before Flop
Seat 4: Jdthibodeau (big blind) folded before Flop
Seat 5: LeandroAku folded before Flop (didn't bet)
Seat 6: Artishell folded before Flop (didn't bet)
Seat 7: Dorex2007 folded before Flop
Seat 8: ChipakL228 folded before Flop (didn't bet)
Seat 9: 2209480 folded before Flop (didn't bet)



PokerStars Hand #233174559561:  Hold'em No Limit ($0.01/$0.02 USD) - 2022/01/15 16:45:38 PT [2022/01/15 19:45:38 ET]
Table 'Gatria' 9-max Seat #3 is the button
Seat 1: pal bb ($1.64 in chips) 
Seat 2: hokejovybuh44 ($2.44 in chips) 
Seat 3: geyza15 ($2.35 in chips) 
Seat 4: Jdthibodeau ($1.98 in chips) 
Seat 5: LeandroAku ($2.93 in chips) 
Seat 6: Artishell ($5.49 in chips) 
Seat 7: Dorex2007 ($2 in chips) 
Seat 8: ChipakL228 ($2 in chips) 
Seat 9: 2209480 ($4.04 in chips) 
Jdthibodeau: posts small blind $0.01
LeandroAku: posts big blind $0.02
*** HOLE CARDS ***
Dealt to Dorex2007 [8h 3h]
Artishell: raises $0.72 to $0.74
Dorex2007: folds 
ChipakL228: folds 
2209480: folds 
pal bb: folds 
hokejovybuh44: folds 
geyza15: folds 
Jdthibodeau: folds 
LeandroAku: folds 
Uncalled bet ($0.72) returned to Artishell
Artishell collected $0.05 from pot
Artishell: doesn't show hand 
*** SUMMARY ***
Total pot $0.05 | Rake $0 
Seat 1: pal bb folded before Flop (didn't bet)
Seat 2: hokejovybuh44 folded before Flop (didn't bet)
Seat 3: geyza15 (button) folded before Flop (didn't bet)
Seat 4: Jdthibodeau (small blind) folded before Flop
Seat 5: LeandroAku (big blind) folded before Flop
Seat 6: Artishell collected ($0.05)
Seat 7: Dorex2007 folded before Flop (didn't bet)
Seat 8: ChipakL228 folded before Flop (didn't bet)
Seat 9: 2209480 folded before Flop (didn't bet)



PokerStars Hand #233174568454:  Hold'em No Limit ($0.01/$0.02 USD) - 2022/01/15 16:46:02 PT [2022/01/15 19:46:02 ET]
Table 'Gatria' 9-max Seat #4 is the button
Seat 1: pal bb ($1.64 in chips) 
Seat 2: hokejovybuh44 ($2.44 in chips) 
Seat 3: geyza15 ($2.35 in chips) 
Seat 4: Jdthibodeau ($1.97 in chips) 
Seat 5: LeandroAku ($2.91 in chips) 
Seat 6: Artishell ($5.52 in chips) 
Seat 7: Dorex2007 ($2 in chips) 
Seat 8: ChipakL228 ($2 in chips) 
Seat 9: 2209480 ($4.04 in chips) 
LeandroAku: posts small blind $0.01
Artishell: posts big blind $0.02
*** HOLE CARDS ***
Dealt to Dorex2007 [3s Ks]
Dorex2007: folds 
ChipakL228: folds 
2209480: folds 
pal bb: folds 
hokejovybuh44: calls $0.02
geyza15: calls $0.02
Jdthibodeau: folds 
LeandroAku: folds 
Artishell: checks 
*** FLOP *** [Tc 3d 8s]
Artishell: checks 
hokejovybuh44: checks 
geyza15: bets $0.07
Artishell: folds 
hokejovybuh44: calls $0.07
*** TURN *** [Tc 3d 8s] [4d]
hokejovybuh44: checks 
geyza15: bets $0.16
hokejovybuh44: folds 
Uncalled bet ($0.16) returned to geyza15
geyza15 collected $0.20 from pot
geyza15: doesn't show hand 
*** SUMMARY ***
Total pot $0.21 | Rake $0.01 
Board [Tc 3d 8s 4d]
Seat 1: pal bb folded before Flop (didn't bet)
Seat 2: hokejovybuh44 folded on the Turn
Seat 3: geyza15 collected ($0.20)
Seat 4: Jdthibodeau (button) folded before Flop (didn't bet)
Seat 5: LeandroAku (small blind) folded before Flop
Seat 6: Artishell (big blind) folded on the Flop
Seat 7: Dorex2007 folded before Flop (didn't bet)
Seat 8: ChipakL228 folded before Flop (didn't bet)
Seat 9: 2209480 folded before Flop (didn't bet)



PokerStars Hand #233174595179:  Hold'em No Limit ($0.01/$0.02 USD) - 2022/01/15 16:47:15 PT [2022/01/15 19:47:15 ET]
Table 'Gatria' 9-max Seat #5 is the button
Seat 1: pal bb ($1.64 in chips) 
Seat 2: hokejovybuh44 ($2.35 in chips) 
Seat 3: geyza15 ($2.46 in chips) 
Seat 4: Jdthibodeau ($1.97 in chips) 
Seat 5: LeandroAku ($2.90 in chips) 
Seat 6: Artishell ($5.50 in chips) 
Seat 7: Dorex2007 ($2 in chips) 
Seat 8: ChipakL228 ($2 in chips) 
Seat 9: 2209480 ($4.04 in chips) 
Artishell: posts small blind $0.01
Dorex2007: posts big blind $0.02
*** HOLE CARDS ***
Dealt to Dorex2007 [9c 3d]
ChipakL228: folds 
2209480: folds 
pal bb: folds 
hokejovybuh44: calls $0.02
geyza15: raises $0.07 to $0.09
Jdthibodeau: folds 
LeandroAku: folds 
Artishell: folds 
Dorex2007: folds 
hokejovybuh44: folds 
Uncalled bet ($0.07) returned to geyza15
geyza15 collected $0.07 from pot
geyza15: doesn't show hand 
*** SUMMARY ***
Total pot $0.07 | Rake $0 
Seat 1: pal bb folded before Flop (didn't bet)
Seat 2: hokejovybuh44 folded before Flop
Seat 3: geyza15 collected ($0.07)
Seat 4: Jdthibodeau folded before Flop (didn't bet)
Seat 5: LeandroAku (button) folded before Flop (didn't bet)
Seat 6: Artishell (small blind) folded before Flop
Seat 7: Dorex2007 (big blind) folded before Flop
Seat 8: ChipakL228 folded before Flop (didn't bet)
Seat 9: 2209480 folded before Flop (didn't bet)



PokerStars Hand #233174612457:  Hold'em No Limit ($0.01/$0.02 USD) - 2022/01/15 16:48:01 PT [2022/01/15 19:48:01 ET]
Table 'Gatria' 9-max Seat #6 is the button
Seat 1: pal bb ($1.64 in chips) 
Seat 2: hokejovybuh44 ($2.33 in chips) 
Seat 3: geyza15 ($2.51 in chips) 
Seat 4: Jdthibodeau ($1.97 in chips) 
Seat 5: LeandroAku ($2.90 in chips) 
Seat 6: Artishell ($5.49 in chips) 
Seat 7: Dorex2007 ($2 in chips) 
Seat 9: 2209480 ($4.04 in chips) 
Dorex2007: posts small blind $0.01
ChipakL228: is sitting out 
2209480: posts big blind $0.02
*** HOLE CARDS ***
Dealt to Dorex2007 [6d 2d]
ChipakL228 leaves the table
pal bb: folds 
hokejovybuh44: folds 
geyza15: folds 
Jdthibodeau: raises $0.04 to $0.06
LeandroAku: folds 
Artishell: folds 
Dorex2007: folds 
2209480: folds 
Uncalled bet ($0.04) returned to Jdthibodeau
Jdthibodeau collected $0.05 from pot
Jdthibodeau: doesn't show hand 
*** SUMMARY ***
Total pot $0.05 | Rake $0 
Seat 1: pal bb folded before Flop (didn't bet)
Seat 2: hokejovybuh44 folded before Flop (didn't bet)
Seat 3: geyza15 folded before Flop (didn't bet)
Seat 4: Jdthibodeau collected ($0.05)
Seat 5: LeandroAku folded before Flop (didn't bet)
Seat 6: Artishell (button) folded before Flop (didn't bet)
Seat 7: Dorex2007 (small blind) folded before Flop
Seat 9: 2209480 (big blind) folded before Flop



PokerStars Hand #233174624505:  Hold'em No Limit ($0.01/$0.02 USD) - 2022/01/15 16:48:34 PT [2022/01/15 19:48:34 ET]
Table 'Gatria' 9-max Seat #7 is the button
Seat 1: pal bb ($1.64 in chips) 
Seat 2: hokejovybuh44 ($2.33 in chips) 
Seat 3: geyza15 ($2.51 in chips) 
Seat 4: Jdthibodeau ($2 in chips) 
Seat 5: LeandroAku ($2.90 in chips) 
Seat 6: Artishell ($5.49 in chips) 
Seat 7: Dorex2007 ($2 in chips) 
Seat 9: 2209480 ($4.02 in chips) 
2209480: posts small blind $0.01
pal bb: posts big blind $0.02
*** HOLE CARDS ***
Dealt to Dorex2007 [Kh Ah]
hokejovybuh44: calls $0.02
geyza15: folds 
Jdthibodeau: folds 
LeandroAku has timed out
LeandroAku: folds 
Artishell: folds 
Dorex2007: raises $0.06 to $0.08
2209480: folds 
pal bb: folds 
hokejovybuh44: calls $0.06
*** FLOP *** [2s Js 8c]
2209480 leaves the table
hokejovybuh44: bets $0.02
Dorex2007: raises $0.15 to $0.17
hokejovybuh44: folds 
Uncalled bet ($0.15) returned to Dorex2007
Dorex2007 collected $0.22 from pot
Dorex2007: doesn't show hand 
*** SUMMARY ***
Total pot $0.23 | Rake $0.01 
Board [2s Js 8c]
Seat 1: pal bb (big blind) folded before Flop
Seat 2: hokejovybuh44 folded on the Flop
Seat 3: geyza15 folded before Flop (didn't bet)
Seat 4: Jdthibodeau folded before Flop (didn't bet)
Seat 5: LeandroAku folded before Flop (didn't bet)
Seat 6: Artishell folded before Flop (didn't bet)
Seat 7: Dorex2007 (button) collected ($0.22)
Seat 9: 2209480 (small blind) folded before Flop



PokerStars Hand #233174648883:  Hold'em No Limit ($0.01/$0.02 USD) - 2022/01/15 16:49:42 PT [2022/01/15 19:49:42 ET]
Table 'Gatria' 9-max Seat #1 is the button
Seat 1: pal bb ($1.62 in chips) 
Seat 2: hokejovybuh44 ($2.23 in chips) 
Seat 3: geyza15 ($2.51 in chips) 
Seat 4: Jdthibodeau ($2 in chips) 
Seat 6: Artishell ($5.49 in chips) 
Seat 7: Dorex2007 ($2.12 in chips) 
hokejovybuh44: posts small blind $0.01
geyza15: posts big blind $0.02
*** HOLE CARDS ***
Dealt to Dorex2007 [3h Qs]
Jdthibodeau: folds 
Artishell: raises $0.05 to $0.07
Dorex2007: folds 
pal bb: folds 
hokejovybuh44: folds 
geyza15: folds 
Uncalled bet ($0.05) returned to Artishell
Artishell collected $0.05 from pot
Artishell: doesn't show hand 
*** SUMMARY ***
Total pot $0.05 | Rake $0 
Seat 1: pal bb (button) folded before Flop (didn't bet)
Seat 2: hokejovybuh44 (small blind) folded before Flop
Seat 3: geyza15 (big blind) folded before Flop
Seat 4: Jdthibodeau folded before Flop (didn't bet)
Seat 6: Artishell collected ($0.05)
Seat 7: Dorex2007 folded before Flop (didn't bet)



PokerStars Hand #233174731269:  Hold'em No Limit ($0.01/$0.02 USD) - 2022/01/15 16:53:33 PT [2022/01/15 19:53:33 ET]
Table 'Gatria' 9-max Seat #1 is the button
Seat 1: pal bb ($1.58 in chips) 
Seat 2: hokejovybuh44 ($1.18 in chips) 
Seat 7: Dorex2007 ($2.12 in chips) 
hokejovybuh44: posts small blind $0.01
geyza15: is sitting out 
Dorex2007: posts big blind $0.02
*** HOLE CARDS ***
Dealt to Dorex2007 [6d 2s]
geyza15 leaves the table
pal bb: folds 
hokejovybuh44: calls $0.01
pal bb leaves the table
Dorex2007: checks 
*** FLOP *** [Kd Ad 5h]
hokejovybuh44: bets $0.02
Dorex2007: folds 
Uncalled bet ($0.02) returned to hokejovybuh44
hokejovybuh44 collected $0.04 from pot
hokejovybuh44: doesn't show hand 
*** SUMMARY ***
Total pot $0.04 | Rake $0 
Board [Kd Ad 5h]
Seat 1: pal bb (button) folded before Flop (didn't bet)
Seat 2: hokejovybuh44 (small blind) collected ($0.04)
Seat 7: Dorex2007 (big blind) folded on the Flop



