PokerStars Hand #237879290669:  Hold'em No Limit ($0.05/$0.10 USD) - 2022/08/08 21:39:53 PT [2022/08/09 0:39:53 ET]
Table 'Hubei II' 9-max Seat #1 is the button
Seat 1: watersofain ($10.20 in chips) 
Seat 2: Luigiams ($29.02 in chips) 
Seat 3: River_GmbH ($5.80 in chips) 
Seat 4: STBlues24fan ($7.50 in chips) 
Seat 5: DEdPo0L ($14.60 in chips) 
Seat 7: verhasste ($11.57 in chips) 
Seat 8: Dorex2007 ($10 in chips) 
Seat 9: yogabody ($12.51 in chips) 
Luigiams: posts small blind $0.05
River_GmbH: posts big blind $0.10
adaonegao: sits out 
Dorex2007: posts big blind $0.10
*** HOLE CARDS ***
Dealt to Dorex2007 [6s 2c]
STBlues24fan: calls $0.10
DEdPo0L: folds 
verhasste: folds 
Dorex2007: checks 
yogabody: folds 
watersofain: folds 
Luigiams: calls $0.05
River_GmbH: checks 
*** FLOP *** [9h Kh Kd]
Luigiams: checks 
River_GmbH: checks 
STBlues24fan: checks 
Dorex2007: checks 
*** TURN *** [9h Kh Kd] [7h]
Luigiams: checks 
River_GmbH: checks 
STBlues24fan: checks 
Dorex2007: checks 
*** RIVER *** [9h Kh Kd 7h] [2s]
Luigiams: checks 
River_GmbH: checks 
STBlues24fan: checks 
Dorex2007: checks 
*** SHOW DOWN ***
Luigiams: shows [3h 9d] (two pair, Kings and Nines)
River_GmbH: mucks hand 
STBlues24fan: mucks hand 
Dorex2007: mucks hand 
Luigiams collected $0.38 from pot
*** SUMMARY ***
Total pot $0.40 | Rake $0.02 
Board [9h Kh Kd 7h 2s]
Seat 1: watersofain (button) folded before Flop (didn't bet)
Seat 2: Luigiams (small blind) showed [3h 9d] and won ($0.38) with two pair, Kings and Nines
Seat 3: River_GmbH (big blind) mucked [Qs 4c]
Seat 4: STBlues24fan mucked [Qc Jh]
Seat 5: DEdPo0L folded before Flop (didn't bet)
Seat 7: verhasste folded before Flop (didn't bet)
Seat 8: Dorex2007 mucked [6s 2c]
Seat 9: yogabody folded before Flop (didn't bet)



PokerStars Hand #237879297809:  Hold'em No Limit ($0.05/$0.10 USD) - 2022/08/08 21:40:54 PT [2022/08/09 0:40:54 ET]
Table 'Hubei II' 9-max Seat #2 is the button
Seat 1: watersofain ($10.20 in chips) 
Seat 2: Luigiams ($29.30 in chips) 
Seat 3: River_GmbH ($5.70 in chips) 
Seat 4: STBlues24fan ($7.40 in chips) 
Seat 5: DEdPo0L ($14.60 in chips) 
Seat 7: verhasste ($11.57 in chips) 
Seat 8: Dorex2007 ($10 in chips) 
Seat 9: yogabody ($12.51 in chips) 
River_GmbH: posts small blind $0.05
STBlues24fan: posts big blind $0.10
adaonegao: sits out 
*** HOLE CARDS ***
Dealt to Dorex2007 [4h 6h]
DEdPo0L: folds 
verhasste: raises $0.20 to $0.30
Dorex2007: folds 
yogabody: folds 
watersofain: folds 
Luigiams: calls $0.30
River_GmbH: folds 
STBlues24fan: folds 
*** FLOP *** [8c Jd Ks]
verhasste: bets $0.36
Luigiams: folds 
Uncalled bet ($0.36) returned to verhasste
verhasste collected $0.72 from pot
verhasste: doesn't show hand 
*** SUMMARY ***
Total pot $0.75 | Rake $0.03 
Board [8c Jd Ks]
Seat 1: watersofain folded before Flop (didn't bet)
Seat 2: Luigiams (button) folded on the Flop
Seat 3: River_GmbH (small blind) folded before Flop
Seat 4: STBlues24fan (big blind) folded before Flop
Seat 5: DEdPo0L folded before Flop (didn't bet)
Seat 7: verhasste collected ($0.72)
Seat 8: Dorex2007 folded before Flop (didn't bet)
Seat 9: yogabody folded before Flop (didn't bet)



