PokerStars Hand #233174714860:  Hold'em No Limit ($0.01/$0.02 USD) - 2022/01/15 16:52:47 PT [2022/01/15 19:52:47 ET]
Table 'Herget' 9-max Seat #4 is the button
Seat 1: Dorex2007 ($2 in chips) 
Seat 2: AcesMcCoy ($2.12 in chips) 
Seat 4: Parker09SA ($3.55 in chips) 
Seat 5: foresfas0 ($1.05 in chips) 
Seat 6: tom905 ($2.61 in chips) 
Seat 7: dimas321488 ($1.33 in chips) 
Seat 8: frosa9397 ($2.41 in chips) 
Seat 9: desdinova13 ($3.02 in chips) 
foresfas0: posts small blind $0.01
tom905: posts big blind $0.02
Dorex2007: posts big blind $0.02
*** HOLE CARDS ***
Dealt to Dorex2007 [Qs 7s]
dimas321488: calls $0.02
frosa9397: folds 
desdinova13: folds 
Dorex2007: checks 
AcesMcCoy: folds 
Parker09SA: calls $0.02
foresfas0: folds 
tom905: checks 
*** FLOP *** [2c 7d Ac]
tom905: bets $0.05
dimas321488: folds 
Dorex2007: folds 
Parker09SA: calls $0.05
*** TURN *** [2c 7d Ac] [Jh]
tom905: checks 
Parker09SA: bets $0.09
tom905: folds 
Uncalled bet ($0.09) returned to Parker09SA
Parker09SA collected $0.18 from pot
*** SUMMARY ***
Total pot $0.19 | Rake $0.01 
Board [2c 7d Ac Jh]
Seat 1: Dorex2007 folded on the Flop (didn't bet)
Seat 2: AcesMcCoy folded before Flop (didn't bet)
Seat 4: Parker09SA (button) collected ($0.18)
Seat 5: foresfas0 (small blind) folded before Flop
Seat 6: tom905 (big blind) folded on the Turn
Seat 7: dimas321488 folded on the Flop
Seat 8: frosa9397 folded before Flop (didn't bet)
Seat 9: desdinova13 folded before Flop (didn't bet)



PokerStars Hand #233174735488:  Hold'em No Limit ($0.01/$0.02 USD) - 2022/01/15 16:53:45 PT [2022/01/15 19:53:45 ET]
Table 'Herget' 9-max Seat #5 is the button
Seat 1: Dorex2007 ($2 in chips) 
Seat 2: AcesMcCoy ($2.12 in chips) 
Seat 4: Parker09SA ($3.66 in chips) 
Seat 5: foresfas0 ($1.04 in chips) 
Seat 6: tom905 ($2.54 in chips) 
Seat 7: dimas321488 ($1.31 in chips) 
Seat 8: frosa9397 ($2.41 in chips) 
Seat 9: desdinova13 ($3.02 in chips) 
tom905: posts small blind $0.01
dimas321488: posts big blind $0.02
*** HOLE CARDS ***
Dealt to Dorex2007 [5d Qc]
frosa9397 has timed out
frosa9397: folds 
desdinova13: folds 
Dorex2007: folds 
AcesMcCoy: folds 
Parker09SA: raises $0.04 to $0.06
foresfas0: folds 
tom905: folds 
dimas321488: calls $0.04
*** FLOP *** [Ks 3d 9h]
dimas321488: checks 
Parker09SA: checks 
*** TURN *** [Ks 3d 9h] [Qd]
dimas321488: bets $0.02
AcesMcCoy leaves the table
Parker09SA: folds 
Uncalled bet ($0.02) returned to dimas321488
dimas321488 collected $0.13 from pot
dimas321488: doesn't show hand 
*** SUMMARY ***
Total pot $0.13 | Rake $0 
Board [Ks 3d 9h Qd]
Seat 1: Dorex2007 folded before Flop (didn't bet)
Seat 2: AcesMcCoy folded before Flop (didn't bet)
Seat 4: Parker09SA folded on the Turn
Seat 5: foresfas0 (button) folded before Flop (didn't bet)
Seat 6: tom905 (small blind) folded before Flop
Seat 7: dimas321488 (big blind) collected ($0.13)
Seat 8: frosa9397 folded before Flop (didn't bet)
Seat 9: desdinova13 folded before Flop (didn't bet)



PokerStars Hand #233174755798:  Hold'em No Limit ($0.01/$0.02 USD) - 2022/01/15 16:54:42 PT [2022/01/15 19:54:42 ET]
Table 'Herget' 9-max Seat #6 is the button
Seat 1: Dorex2007 ($2 in chips) 
Seat 4: Parker09SA ($3.60 in chips) 
Seat 5: foresfas0 ($1.04 in chips) 
Seat 6: tom905 ($2.53 in chips) 
Seat 7: dimas321488 ($1.38 in chips) 
Seat 9: desdinova13 ($3.02 in chips) 
dimas321488: posts small blind $0.01
desdinova13: posts big blind $0.02
*** HOLE CARDS ***
Dealt to Dorex2007 [As Kh]
Lucky fruit1 joins the table at seat #2 
Dorex2007: raises $0.04 to $0.06
Parker09SA: folds 
foresfas0: raises $0.04 to $0.10
tom905: folds 
dimas321488: folds 
desdinova13: folds 
Dorex2007: calls $0.04
*** FLOP *** [2d Qs Jd]
dimas321488 leaves the table
Dorex2007: bets $0.15
foresfas0: calls $0.15
*** TURN *** [2d Qs Jd] [8c]
Manrriquinha joins the table at seat #7 
Dorex2007: bets $0.26
foresfas0: raises $0.53 to $0.79 and is all-in
Dorex2007: calls $0.53
*** RIVER *** [2d Qs Jd 8c] [8d]
*** SHOW DOWN ***
Dorex2007: shows [As Kh] (a pair of Eights)
foresfas0: shows [9h Td] (a straight, Eight to Queen)
foresfas0 collected $2.04 from pot
Dorex2007 cashed out the hand for $0.14
*** SUMMARY ***
Total pot $2.11 | Rake $0.07 
Board [2d Qs Jd 8c 8d]
Seat 1: Dorex2007 showed [As Kh] and lost with a pair of Eights (cashed out).
Seat 4: Parker09SA folded before Flop (didn't bet)
Seat 5: foresfas0 showed [9h Td] and won ($2.04) with a straight, Eight to Queen
Seat 6: tom905 (button) folded before Flop (didn't bet)
Seat 7: dimas321488 (small blind) folded before Flop
Seat 9: desdinova13 (big blind) folded before Flop



PokerStars Hand #233174771648:  Hold'em No Limit ($0.01/$0.02 USD) - 2022/01/15 16:55:33 PT [2022/01/15 19:55:33 ET]
Table 'Herget' 9-max Seat #9 is the button
Seat 1: Dorex2007 ($2 in chips) 
Seat 2: Lucky fruit1 ($1.32 in chips) 
Seat 4: Parker09SA ($3.60 in chips) 
Seat 5: foresfas0 ($2.04 in chips) 
Seat 6: tom905 ($2.53 in chips) 
Seat 7: Manrriquinha ($0.80 in chips) 
Seat 9: desdinova13 ($3 in chips) 
Dorex2007: posts small blind $0.01
Lucky fruit1: posts big blind $0.02
Manrriquinha: posts big blind $0.02
*** HOLE CARDS ***
Dealt to Dorex2007 [5c Kd]
Parker09SA: folds 
foresfas0: calls $0.02
tom905: folds 
Manrriquinha: checks 
desdinova13: raises $0.08 to $0.10
Dorex2007: folds 
Lucky fruit1: folds 
foresfas0: calls $0.08
Manrriquinha: folds 
*** FLOP *** [9h 8d 6c]
foresfas0: checks 
desdinova13: bets $0.14
foresfas0: calls $0.14
*** TURN *** [9h 8d 6c] [9s]
foresfas0: checks 
desdinova13: bets $0.31
foresfas0: folds 
Uncalled bet ($0.31) returned to desdinova13
desdinova13 collected $0.51 from pot
desdinova13: doesn't show hand 
*** SUMMARY ***
Total pot $0.53 | Rake $0.02 
Board [9h 8d 6c 9s]
Seat 1: Dorex2007 (small blind) folded before Flop
Seat 2: Lucky fruit1 (big blind) folded before Flop
Seat 4: Parker09SA folded before Flop (didn't bet)
Seat 5: foresfas0 folded on the Turn
Seat 6: tom905 folded before Flop (didn't bet)
Seat 7: Manrriquinha folded before Flop (didn't bet)
Seat 9: desdinova13 (button) collected ($0.51)



PokerStars Hand #233174790262:  Hold'em No Limit ($0.01/$0.02 USD) - 2022/01/15 16:56:37 PT [2022/01/15 19:56:37 ET]
Table 'Herget' 9-max Seat #1 is the button
Seat 1: Dorex2007 ($2 in chips) 
Seat 2: Lucky fruit1 ($1.30 in chips) 
Seat 4: Parker09SA ($3.60 in chips) 
Seat 5: foresfas0 ($1.80 in chips) 
Seat 6: tom905 ($2.53 in chips) 
Seat 7: Manrriquinha ($0.78 in chips) 
Seat 9: desdinova13 ($3.27 in chips) 
Lucky fruit1: posts small blind $0.01
Parker09SA: posts big blind $0.02
*** HOLE CARDS ***
Dealt to Dorex2007 [3h 6h]
foresfas0: raises $0.02 to $0.04
tom905: folds 
Manrriquinha: calls $0.04
desdinova13: calls $0.04
Dorex2007: folds 
Lucky fruit1: calls $0.03
Parker09SA: folds 
*** FLOP *** [Jc Ah 2d]
Lucky fruit1: checks 
foresfas0: checks 
Manrriquinha: checks 
desdinova13: checks 
*** TURN *** [Jc Ah 2d] [8d]
Lucky fruit1: bets $0.02
foresfas0: calls $0.02
Manrriquinha: calls $0.02
desdinova13: calls $0.02
*** RIVER *** [Jc Ah 2d 8d] [4c]
Lucky fruit1: bets $0.04
foresfas0: folds 
Manrriquinha: folds 
desdinova13: folds 
Uncalled bet ($0.04) returned to Lucky fruit1
Lucky fruit1 collected $0.25 from pot
Lucky fruit1: doesn't show hand 
*** SUMMARY ***
Total pot $0.26 | Rake $0.01 
Board [Jc Ah 2d 8d 4c]
Seat 1: Dorex2007 (button) folded before Flop (didn't bet)
Seat 2: Lucky fruit1 (small blind) collected ($0.25)
Seat 4: Parker09SA (big blind) folded before Flop
Seat 5: foresfas0 folded on the River
Seat 6: tom905 folded before Flop (didn't bet)
Seat 7: Manrriquinha folded on the River
Seat 9: desdinova13 folded on the River



PokerStars Hand #233174818345:  Hold'em No Limit ($0.01/$0.02 USD) - 2022/01/15 16:57:52 PT [2022/01/15 19:57:52 ET]
Table 'Herget' 9-max Seat #2 is the button
Seat 1: Dorex2007 ($2 in chips) 
Seat 2: Lucky fruit1 ($1.49 in chips) 
Seat 4: Parker09SA ($3.58 in chips) 
Seat 5: foresfas0 ($1.74 in chips) 
Seat 6: tom905 ($2.53 in chips) 
Seat 7: Manrriquinha ($0.72 in chips) 
Seat 8: frosa9397 ($2.41 in chips) 
Seat 9: desdinova13 ($3.21 in chips) 
Parker09SA: posts small blind $0.01
foresfas0: posts big blind $0.02
frosa9397: posts big blind $0.02
*** HOLE CARDS ***
Dealt to Dorex2007 [Tc 4c]
tom905: folds 
Manrriquinha: raises $0.02 to $0.04
frosa9397: folds 
desdinova13: folds 
Dorex2007: folds 
Lucky fruit1: calls $0.04
Parker09SA: calls $0.03
foresfas0: calls $0.02
*** FLOP *** [2c 4s 8h]
Parker09SA: checks 
foresfas0: checks 
Manrriquinha: bets $0.17
Lucky fruit1: folds 
Parker09SA: folds 
foresfas0: folds 
Uncalled bet ($0.17) returned to Manrriquinha
Manrriquinha collected $0.17 from pot
Manrriquinha: doesn't show hand 
*** SUMMARY ***
Total pot $0.18 | Rake $0.01 
Board [2c 4s 8h]
Seat 1: Dorex2007 folded before Flop (didn't bet)
Seat 2: Lucky fruit1 (button) folded on the Flop
Seat 4: Parker09SA (small blind) folded on the Flop
Seat 5: foresfas0 (big blind) folded on the Flop
Seat 6: tom905 folded before Flop (didn't bet)
Seat 7: Manrriquinha collected ($0.17)
Seat 8: frosa9397 folded before Flop (didn't bet)
Seat 9: desdinova13 folded before Flop (didn't bet)



PokerStars Hand #233174835548:  Hold'em No Limit ($0.01/$0.02 USD) - 2022/01/15 16:58:50 PT [2022/01/15 19:58:50 ET]
Table 'Herget' 9-max Seat #4 is the button
Seat 1: Dorex2007 ($2 in chips) 
Seat 2: Lucky fruit1 ($1.45 in chips) 
Seat 4: Parker09SA ($3.54 in chips) 
Seat 5: foresfas0 ($1.70 in chips) 
Seat 6: tom905 ($2.53 in chips) 
Seat 7: Manrriquinha ($0.85 in chips) 
Seat 8: frosa9397 ($2.39 in chips) 
Seat 9: desdinova13 ($3.21 in chips) 
foresfas0: posts small blind $0.01
tom905: posts big blind $0.02
*** HOLE CARDS ***
Dealt to Dorex2007 [Tc 6s]
Manrriquinha: folds 
frosa9397: folds 
desdinova13: folds 
Dorex2007: folds 
Lucky fruit1: calls $0.02
Parker09SA: folds 
foresfas0: calls $0.01
tom905: checks 
*** FLOP *** [Qd Jh 5d]
foresfas0: checks 
tom905: checks 
Lucky fruit1: checks 
*** TURN *** [Qd Jh 5d] [3c]
foresfas0: bets $0.02
tom905: calls $0.02
Lucky fruit1: calls $0.02
*** RIVER *** [Qd Jh 5d 3c] [3h]
foresfas0: bets $0.06
tom905: raises $0.24 to $0.30
Lucky fruit1: folds 
foresfas0: calls $0.24
*** SHOW DOWN ***
tom905: shows [5s 3d] (a full house, Threes full of Fives)
foresfas0: mucks hand 
tom905 collected $0.69 from pot
*** SUMMARY ***
Total pot $0.72 | Rake $0.03 
Board [Qd Jh 5d 3c 3h]
Seat 1: Dorex2007 folded before Flop (didn't bet)
Seat 2: Lucky fruit1 folded on the River
Seat 4: Parker09SA (button) folded before Flop (didn't bet)
Seat 5: foresfas0 (small blind) mucked [Qh Kd]
Seat 6: tom905 (big blind) showed [5s 3d] and won ($0.69) with a full house, Threes full of Fives
Seat 7: Manrriquinha folded before Flop (didn't bet)
Seat 8: frosa9397 folded before Flop (didn't bet)
Seat 9: desdinova13 folded before Flop (didn't bet)



PokerStars Hand #233174851117:  Hold'em No Limit ($0.01/$0.02 USD) - 2022/01/15 16:59:43 PT [2022/01/15 19:59:43 ET]
Table 'Herget' 9-max Seat #5 is the button
Seat 1: Dorex2007 ($2 in chips) 
Seat 2: Lucky fruit1 ($1.41 in chips) 
Seat 4: Parker09SA ($3.54 in chips) 
Seat 5: foresfas0 ($1.36 in chips) 
Seat 6: tom905 ($2.88 in chips) 
Seat 7: Manrriquinha ($0.85 in chips) 
Seat 8: frosa9397 ($2.39 in chips) 
Seat 9: desdinova13 ($3.21 in chips) 
tom905: posts small blind $0.01
Manrriquinha: posts big blind $0.02
*** HOLE CARDS ***
Dealt to Dorex2007 [Kh 6d]
frosa9397: folds 
desdinova13: folds 
Dorex2007: folds 
Lucky fruit1: calls $0.02
Parker09SA: folds 
foresfas0: raises $0.04 to $0.06
tom905: calls $0.05
Manrriquinha: folds 
Lucky fruit1: calls $0.04
*** FLOP *** [Ah 8s 2d]
tom905: bets $0.12
Lucky fruit1: folds 
foresfas0: calls $0.12
*** TURN *** [Ah 8s 2d] [As]
tom905: bets $0.42
foresfas0: calls $0.42
*** RIVER *** [Ah 8s 2d As] [7s]
tom905: bets $1.24
foresfas0: calls $0.76 and is all-in
Uncalled bet ($0.48) returned to tom905
*** SHOW DOWN ***
tom905: shows [Ac Qc] (three of a kind, Aces)
foresfas0: shows [8d Ad] (a full house, Aces full of Eights)
foresfas0 collected $2.70 from pot
*** SUMMARY ***
Total pot $2.80 | Rake $0.10 
Board [Ah 8s 2d As 7s]
Seat 1: Dorex2007 folded before Flop (didn't bet)
Seat 2: Lucky fruit1 folded on the Flop
Seat 4: Parker09SA folded before Flop (didn't bet)
Seat 5: foresfas0 (button) showed [8d Ad] and won ($2.70) with a full house, Aces full of Eights
Seat 6: tom905 (small blind) showed [Ac Qc] and lost with three of a kind, Aces
Seat 7: Manrriquinha (big blind) folded before Flop
Seat 8: frosa9397 folded before Flop (didn't bet)
Seat 9: desdinova13 folded before Flop (didn't bet)



PokerStars Hand #233174873086:  Hold'em No Limit ($0.01/$0.02 USD) - 2022/01/15 17:00:52 PT [2022/01/15 20:00:52 ET]
Table 'Herget' 9-max Seat #6 is the button
Seat 1: Dorex2007 ($2 in chips) 
Seat 2: Lucky fruit1 ($1.35 in chips) 
Seat 4: Parker09SA ($3.54 in chips) 
Seat 5: foresfas0 ($2.70 in chips) 
Seat 6: tom905 ($1.52 in chips) 
Seat 7: Manrriquinha ($0.83 in chips) 
Seat 8: frosa9397 ($2.39 in chips) 
Seat 9: desdinova13 ($3.21 in chips) 
Manrriquinha: posts small blind $0.01
frosa9397: posts big blind $0.02
*** HOLE CARDS ***
Dealt to Dorex2007 [Qs Js]
desdinova13: folds 
Dorex2007: raises $0.02 to $0.04
Lucky fruit1: calls $0.04
Parker09SA: folds 
foresfas0: folds 
tom905: calls $0.04
Manrriquinha: folds 
frosa9397: raises $0.02 to $0.06
Dorex2007: calls $0.02
Lucky fruit1: calls $0.02
tom905: calls $0.02
*** FLOP *** [8c Th 3d]
frosa9397: checks 
Dorex2007: checks 
Lucky fruit1: checks 
tom905: checks 
*** TURN *** [8c Th 3d] [5s]
frosa9397: checks 
Dorex2007: checks 
Lucky fruit1: checks 
tom905: bets $0.32
frosa9397: folds 
Dorex2007: folds 
dkhadem is disconnected 
Lucky fruit1: folds 
Uncalled bet ($0.32) returned to tom905
tom905 collected $0.24 from pot
*** SUMMARY ***
Total pot $0.25 | Rake $0.01 
Board [8c Th 3d 5s]
Seat 1: Dorex2007 folded on the Turn
Seat 2: Lucky fruit1 folded on the Turn
Seat 4: Parker09SA folded before Flop (didn't bet)
Seat 5: foresfas0 folded before Flop (didn't bet)
Seat 6: tom905 (button) collected ($0.24)
Seat 7: Manrriquinha (small blind) folded before Flop
Seat 8: frosa9397 (big blind) folded on the Turn
Seat 9: desdinova13 folded before Flop (didn't bet)



PokerStars Hand #233174903828:  Hold'em No Limit ($0.01/$0.02 USD) - 2022/01/15 17:02:12 PT [2022/01/15 20:02:12 ET]
Table 'Herget' 9-max Seat #7 is the button
Seat 1: Dorex2007 ($2 in chips) 
Seat 2: Lucky fruit1 ($1.29 in chips) 
Seat 4: Parker09SA ($3.54 in chips) 
Seat 5: foresfas0 ($2.70 in chips) 
Seat 6: tom905 ($1.70 in chips) 
Seat 7: Manrriquinha ($0.82 in chips) 
Seat 8: frosa9397 ($2.33 in chips) 
Seat 9: desdinova13 ($3.21 in chips) 
frosa9397: posts small blind $0.01
desdinova13: posts big blind $0.02
*** HOLE CARDS ***
Dealt to Dorex2007 [2h As]
Dorex2007: folds 
Lucky fruit1: raises $0.02 to $0.04
Parker09SA: folds 
foresfas0: folds 
tom905: folds 
Manrriquinha: folds 
frosa9397: folds 
desdinova13: calls $0.02
*** FLOP *** [7c 4d 6d]
desdinova13: checks 
Lucky fruit1: checks 
*** TURN *** [7c 4d 6d] [Th]
desdinova13: checks 
Lucky fruit1: bets $0.02
desdinova13: folds 
Uncalled bet ($0.02) returned to Lucky fruit1
Lucky fruit1 collected $0.09 from pot
Lucky fruit1: doesn't show hand 
*** SUMMARY ***
Total pot $0.09 | Rake $0 
Board [7c 4d 6d Th]
Seat 1: Dorex2007 folded before Flop (didn't bet)
Seat 2: Lucky fruit1 collected ($0.09)
Seat 4: Parker09SA folded before Flop (didn't bet)
Seat 5: foresfas0 folded before Flop (didn't bet)
Seat 6: tom905 folded before Flop (didn't bet)
Seat 7: Manrriquinha (button) folded before Flop (didn't bet)
Seat 8: frosa9397 (small blind) folded before Flop
Seat 9: desdinova13 (big blind) folded on the Turn



PokerStars Hand #233174919347:  Hold'em No Limit ($0.01/$0.02 USD) - 2022/01/15 17:02:56 PT [2022/01/15 20:02:56 ET]
Table 'Herget' 9-max Seat #8 is the button
Seat 1: Dorex2007 ($2 in chips) 
Seat 2: Lucky fruit1 ($1.34 in chips) 
Seat 4: Parker09SA ($3.54 in chips) 
Seat 5: foresfas0 ($2.70 in chips) 
Seat 6: tom905 ($1.70 in chips) 
Seat 7: Manrriquinha ($0.82 in chips) 
Seat 8: frosa9397 ($2.32 in chips) 
Seat 9: desdinova13 ($3.17 in chips) 
desdinova13: posts small blind $0.01
Dorex2007: posts big blind $0.02
*** HOLE CARDS ***
Dealt to Dorex2007 [Kh 4s]
Lucky fruit1: raises $0.02 to $0.04
Parker09SA: folds 
foresfas0: calls $0.04
tom905: folds 
Manrriquinha: folds 
frosa9397: folds 
desdinova13: folds 
Dorex2007: folds 
*** FLOP *** [2c Qs 8d]
Lucky fruit1: checks 
foresfas0: checks 
*** TURN *** [2c Qs 8d] [8s]
Lucky fruit1: checks 
foresfas0: bets $0.06
Lucky fruit1: calls $0.06
*** RIVER *** [2c Qs 8d 8s] [Ts]
Lucky fruit1: checks 
foresfas0: bets $0.22
Lucky fruit1: folds 
Uncalled bet ($0.22) returned to foresfas0
foresfas0 collected $0.22 from pot
foresfas0: doesn't show hand 
*** SUMMARY ***
Total pot $0.23 | Rake $0.01 
Board [2c Qs 8d 8s Ts]
Seat 1: Dorex2007 (big blind) folded before Flop
Seat 2: Lucky fruit1 folded on the River
Seat 4: Parker09SA folded before Flop (didn't bet)
Seat 5: foresfas0 collected ($0.22)
Seat 6: tom905 folded before Flop (didn't bet)
Seat 7: Manrriquinha folded before Flop (didn't bet)
Seat 8: frosa9397 (button) folded before Flop (didn't bet)
Seat 9: desdinova13 (small blind) folded before Flop



PokerStars Hand #233174947319:  Hold'em No Limit ($0.01/$0.02 USD) - 2022/01/15 17:03:53 PT [2022/01/15 20:03:53 ET]
Table 'Herget' 9-max Seat #9 is the button
Seat 1: Dorex2007 ($2 in chips) 
Seat 2: Lucky fruit1 ($1.24 in chips) 
Seat 4: Parker09SA ($3.54 in chips) 
Seat 5: foresfas0 ($2.82 in chips) 
Seat 6: tom905 ($1.70 in chips) 
Seat 7: Manrriquinha ($0.82 in chips) 
Seat 8: frosa9397 ($2.32 in chips) 
Seat 9: desdinova13 ($3.16 in chips) 
Dorex2007: posts small blind $0.01
Lucky fruit1: posts big blind $0.02
*** HOLE CARDS ***
Dealt to Dorex2007 [Kc 3d]
Parker09SA: raises $0.04 to $0.06
foresfas0: folds 
tom905: folds 
Manrriquinha: folds 
frosa9397: folds 
desdinova13: calls $0.06
Dorex2007: folds 
Lucky fruit1: calls $0.04
*** FLOP *** [6c Qc 5h]
Lucky fruit1: bets $0.08
Parker09SA: folds 
desdinova13: raises $3.02 to $3.10 and is all-in
Lucky fruit1: calls $1.10 and is all-in
Uncalled bet ($1.92) returned to desdinova13
*** TURN *** [6c Qc 5h] [5d]
*** RIVER *** [6c Qc 5h 5d] [5c]
*** SHOW DOWN ***
Lucky fruit1: shows [Qs 8c] (a full house, Fives full of Queens)
desdinova13: shows [Ac Qh] (a full house, Fives full of Queens)
Lucky fruit1 collected $1.23 from pot
desdinova13 collected $1.23 from pot
*** SUMMARY ***
Total pot $2.55 | Rake $0.09 
Board [6c Qc 5h 5d 5c]
Seat 1: Dorex2007 (small blind) folded before Flop
Seat 2: Lucky fruit1 (big blind) showed [Qs 8c] and won ($1.23) with a full house, Fives full of Queens
Seat 4: Parker09SA folded on the Flop
Seat 5: foresfas0 folded before Flop (didn't bet)
Seat 6: tom905 folded before Flop (didn't bet)
Seat 7: Manrriquinha folded before Flop (didn't bet)
Seat 8: frosa9397 folded before Flop (didn't bet)
Seat 9: desdinova13 (button) showed [Ac Qh] and won ($1.23) with a full house, Fives full of Queens



PokerStars Hand #233174968341:  Hold'em No Limit ($0.01/$0.02 USD) - 2022/01/15 17:04:52 PT [2022/01/15 20:04:52 ET]
Table 'Herget' 9-max Seat #1 is the button
Seat 1: Dorex2007 ($2 in chips) 
Seat 2: Lucky fruit1 ($1.23 in chips) 
Seat 4: Parker09SA ($3.48 in chips) 
Seat 5: foresfas0 ($2.82 in chips) 
Seat 6: tom905 ($1.70 in chips) 
Seat 7: Manrriquinha ($0.82 in chips) 
Seat 8: frosa9397 ($2.32 in chips) 
Seat 9: desdinova13 ($3.15 in chips) 
Lucky fruit1: posts small blind $0.01
Parker09SA: posts big blind $0.02
*** HOLE CARDS ***
Dealt to Dorex2007 [3c 8h]
foresfas0: calls $0.02
tom905: raises $0.04 to $0.06
desdinova13 said, "name checks out"
Manrriquinha: folds 
frosa9397: folds 
desdinova13: folds 
Dorex2007: folds 
Lucky fruit1: calls $0.05
Parker09SA: folds 
foresfas0: calls $0.04
*** FLOP *** [9d 4s Jd]
Lucky fruit1: checks 
foresfas0: bets $0.06
tom905: folds 
Lucky fruit1: calls $0.06
*** TURN *** [9d 4s Jd] [Js]
Lucky fruit1: checks 
foresfas0: bets $0.10
Lucky fruit1: calls $0.10
*** RIVER *** [9d 4s Jd Js] [9c]
Lucky fruit1: checks 
foresfas0: checks 
*** SHOW DOWN ***
Lucky fruit1: shows [9s 6c] (a full house, Nines full of Jacks)
foresfas0: mucks hand 
Lucky fruit1 collected $0.50 from pot
*** SUMMARY ***
Total pot $0.52 | Rake $0.02 
Board [9d 4s Jd Js 9c]
Seat 1: Dorex2007 (button) folded before Flop (didn't bet)
Seat 2: Lucky fruit1 (small blind) showed [9s 6c] and won ($0.50) with a full house, Nines full of Jacks
Seat 4: Parker09SA (big blind) folded before Flop
Seat 5: foresfas0 mucked [Kc 8c]
Seat 6: tom905 folded on the Flop
Seat 7: Manrriquinha folded before Flop (didn't bet)
Seat 8: frosa9397 folded before Flop (didn't bet)
Seat 9: desdinova13 folded before Flop (didn't bet)



PokerStars Hand #233174996128:  Hold'em No Limit ($0.01/$0.02 USD) - 2022/01/15 17:06:12 PT [2022/01/15 20:06:12 ET]
Table 'Herget' 9-max Seat #2 is the button
Seat 1: Dorex2007 ($2 in chips) 
Seat 2: Lucky fruit1 ($1.51 in chips) 
Seat 4: Parker09SA ($3.46 in chips) 
Seat 5: foresfas0 ($2.60 in chips) 
Seat 6: tom905 ($1.64 in chips) 
Seat 7: Manrriquinha ($0.82 in chips) 
Seat 8: frosa9397 ($2.32 in chips) 
Seat 9: desdinova13 ($3.15 in chips) 
Parker09SA: posts small blind $0.01
foresfas0: posts big blind $0.02
*** HOLE CARDS ***
Dealt to Dorex2007 [9c Kh]
tom905: folds 
Manrriquinha: calls $0.02
frosa9397: folds 
desdinova13: folds 
Dorex2007: folds 
Lucky fruit1: calls $0.02
Parker09SA: calls $0.01
foresfas0: checks 
*** FLOP *** [4h Jd Js]
Dorex2007 said, ":D"
Parker09SA: checks 
foresfas0: checks 
Manrriquinha: checks 
Lucky fruit1: bets $0.04
Parker09SA: raises $0.08 to $0.12
foresfas0: folds 
Manrriquinha: folds 
Lucky fruit1: calls $0.08
*** TURN *** [4h Jd Js] [4c]
Parker09SA: bets $0.20
Lucky fruit1: calls $0.20
*** RIVER *** [4h Jd Js 4c] [7d]
Parker09SA: bets $0.40
Lucky fruit1: calls $0.40
*** SHOW DOWN ***
Parker09SA: shows [Qh Jh] (a full house, Jacks full of Fours)
Lucky fruit1: mucks hand 
Parker09SA collected $1.47 from pot
*** SUMMARY ***
Total pot $1.52 | Rake $0.05 
Board [4h Jd Js 4c 7d]
Seat 1: Dorex2007 folded before Flop (didn't bet)
Seat 2: Lucky fruit1 (button) mucked [4d 3h]
Seat 4: Parker09SA (small blind) showed [Qh Jh] and won ($1.47) with a full house, Jacks full of Fours
Seat 5: foresfas0 (big blind) folded on the Flop
Seat 6: tom905 folded before Flop (didn't bet)
Seat 7: Manrriquinha folded on the Flop
Seat 8: frosa9397 folded before Flop (didn't bet)
Seat 9: desdinova13 folded before Flop (didn't bet)



PokerStars Hand #233175054285:  Hold'em No Limit ($0.01/$0.02 USD) - 2022/01/15 17:08:58 PT [2022/01/15 20:08:58 ET]
Table 'Herget' 9-max Seat #5 is the button
Seat 1: Dorex2007 ($2 in chips) 
Seat 2: Lucky fruit1 ($0.60 in chips) 
Seat 4: Parker09SA ($4.19 in chips) 
Seat 5: foresfas0 ($2.52 in chips) 
Seat 6: tom905 ($1.86 in chips) 
Seat 7: Manrriquinha ($0.80 in chips) 
Seat 8: frosa9397 ($2.32 in chips) 
Seat 9: desdinova13 ($3.15 in chips) 
tom905: posts small blind $0.01
Manrriquinha: posts big blind $0.02
*** HOLE CARDS ***
Dealt to Dorex2007 [Qd 9d]
frosa9397: folds 
desdinova13: folds 
Dorex2007: folds 
Lucky fruit1: raises $0.02 to $0.04
Parker09SA: folds 
foresfas0: folds 
tom905: folds 
Manrriquinha: calls $0.02
*** FLOP *** [2s Td Qs]
Manrriquinha: bets $0.04
Lucky fruit1: raises $0.04 to $0.08
Manrriquinha: calls $0.04
*** TURN *** [2s Td Qs] [Ts]
Manrriquinha: checks 
Lucky fruit1: bets $0.08
Manrriquinha: raises $0.16 to $0.24
Lucky fruit1: calls $0.16
*** RIVER *** [2s Td Qs Ts] [Jd]
Manrriquinha: bets $0.44 and is all-in
Lucky fruit1: calls $0.24 and is all-in
Uncalled bet ($0.20) returned to Manrriquinha
*** SHOW DOWN ***
Manrriquinha: shows [Tc As] (three of a kind, Tens)
Lucky fruit1: shows [5s 5d] (two pair, Tens and Fives)
Manrriquinha collected $1.17 from pot
*** SUMMARY ***
Total pot $1.21 | Rake $0.04 
Board [2s Td Qs Ts Jd]
Seat 1: Dorex2007 folded before Flop (didn't bet)
Seat 2: Lucky fruit1 showed [5s 5d] and lost with two pair, Tens and Fives
Seat 4: Parker09SA folded before Flop (didn't bet)
Seat 5: foresfas0 (button) folded before Flop (didn't bet)
Seat 6: tom905 (small blind) folded before Flop
Seat 7: Manrriquinha (big blind) showed [Tc As] and won ($1.17) with three of a kind, Tens
Seat 8: frosa9397 folded before Flop (didn't bet)
Seat 9: desdinova13 folded before Flop (didn't bet)



PokerStars Hand #233175078902:  Hold'em No Limit ($0.01/$0.02 USD) - 2022/01/15 17:10:08 PT [2022/01/15 20:10:08 ET]
Table 'Herget' 9-max Seat #6 is the button
Seat 1: Dorex2007 ($2 in chips) 
Seat 4: Parker09SA ($4.19 in chips) 
Seat 5: foresfas0 ($2.52 in chips) 
Seat 6: tom905 ($1.85 in chips) 
Seat 7: Manrriquinha ($1.37 in chips) 
Seat 8: frosa9397 ($2.32 in chips) 
Seat 9: desdinova13 ($3.15 in chips) 
Manrriquinha: posts small blind $0.01
frosa9397: posts big blind $0.02
*** HOLE CARDS ***
Dealt to Dorex2007 [5c 6h]
desdinova13: folds 
Dorex2007: folds 
Parker09SA: folds 
foresfas0: raises $0.04 to $0.06
tom905: folds 
Manrriquinha: folds 
frosa9397: folds 
Uncalled bet ($0.04) returned to foresfas0
foresfas0 collected $0.05 from pot
foresfas0: doesn't show hand 
*** SUMMARY ***
Total pot $0.05 | Rake $0 
Seat 1: Dorex2007 folded before Flop (didn't bet)
Seat 4: Parker09SA folded before Flop (didn't bet)
Seat 5: foresfas0 collected ($0.05)
Seat 6: tom905 (button) folded before Flop (didn't bet)
Seat 7: Manrriquinha (small blind) folded before Flop
Seat 8: frosa9397 (big blind) folded before Flop
Seat 9: desdinova13 folded before Flop (didn't bet)



PokerStars Hand #233175092509:  Hold'em No Limit ($0.01/$0.02 USD) - 2022/01/15 17:10:25 PT [2022/01/15 20:10:25 ET]
Table 'Herget' 9-max Seat #7 is the button
Seat 1: Dorex2007 ($2 in chips) 
Seat 4: Parker09SA ($4.19 in chips) 
Seat 5: foresfas0 ($2.55 in chips) 
Seat 6: tom905 ($1.85 in chips) 
Seat 7: Manrriquinha ($1.36 in chips) 
Seat 8: frosa9397 ($2.30 in chips) 
Seat 9: desdinova13 ($3.15 in chips) 
frosa9397: posts small blind $0.01
desdinova13: posts big blind $0.02
*** HOLE CARDS ***
Dealt to Dorex2007 [8d Td]
Dorex2007: folds 
Parker09SA: folds 
foresfas0: calls $0.02
tom905: raises $0.06 to $0.08
Manrriquinha: folds 
frosa9397: folds 
desdinova13: folds 
foresfas0: calls $0.06
*** FLOP *** [2h 8h Qd]
foresfas0: checks 
tom905: bets $0.18
foresfas0: folds 
Uncalled bet ($0.18) returned to tom905
tom905 collected $0.18 from pot
*** SUMMARY ***
Total pot $0.19 | Rake $0.01 
Board [2h 8h Qd]
Seat 1: Dorex2007 folded before Flop (didn't bet)
Seat 4: Parker09SA folded before Flop (didn't bet)
Seat 5: foresfas0 folded on the Flop
Seat 6: tom905 collected ($0.18)
Seat 7: Manrriquinha (button) folded before Flop (didn't bet)
Seat 8: frosa9397 (small blind) folded before Flop
Seat 9: desdinova13 (big blind) folded before Flop



PokerStars Hand #233175112204:  Hold'em No Limit ($0.01/$0.02 USD) - 2022/01/15 17:11:22 PT [2022/01/15 20:11:22 ET]
Table 'Herget' 9-max Seat #8 is the button
Seat 1: Dorex2007 ($2 in chips) 
Seat 4: Parker09SA ($4.19 in chips) 
Seat 5: foresfas0 ($2.47 in chips) 
Seat 6: tom905 ($1.95 in chips) 
Seat 7: Manrriquinha ($1.36 in chips) 
Seat 8: frosa9397 ($2.29 in chips) 
Seat 9: desdinova13 ($3.13 in chips) 
desdinova13: posts small blind $0.01
Dorex2007: posts big blind $0.02
*** HOLE CARDS ***
Dealt to Dorex2007 [5h 2s]
Parker09SA: folds 
foresfas0: calls $0.02
Lucky fruit1 leaves the table
tom905: raises $0.10 to $0.12
Manrriquinha: folds 
frosa9397: folds 
desdinova13: folds 
Dorex2007: folds 
dkhadem leaves the table
foresfas0: folds 
Uncalled bet ($0.10) returned to tom905
tom905 collected $0.07 from pot
*** SUMMARY ***
Total pot $0.07 | Rake $0 
Seat 1: Dorex2007 (big blind) folded before Flop
Seat 4: Parker09SA folded before Flop (didn't bet)
Seat 5: foresfas0 folded before Flop
Seat 6: tom905 collected ($0.07)
Seat 7: Manrriquinha folded before Flop (didn't bet)
Seat 8: frosa9397 (button) folded before Flop (didn't bet)
Seat 9: desdinova13 (small blind) folded before Flop



PokerStars Hand #233175134420:  Hold'em No Limit ($0.01/$0.02 USD) - 2022/01/15 17:12:26 PT [2022/01/15 20:12:26 ET]
Table 'Herget' 9-max Seat #9 is the button
Seat 1: Dorex2007 ($2 in chips) 
Seat 4: Parker09SA ($4.19 in chips) 
Seat 5: foresfas0 ($2.45 in chips) 
Seat 6: tom905 ($2 in chips) 
Seat 7: Manrriquinha ($1.36 in chips) 
Seat 8: frosa9397 ($2.29 in chips) 
Seat 9: desdinova13 ($3.12 in chips) 
Dorex2007: posts small blind $0.01
Parker09SA: posts big blind $0.02
*** HOLE CARDS ***
Dealt to Dorex2007 [4h Qc]
foresfas0: folds 
tom905: raises $0.06 to $0.08
Manrriquinha: folds 
frosa9397: folds 
desdinova13: calls $0.08
Dorex2007: folds 
Parker09SA: folds 
*** FLOP *** [5c 3h 8s]
tom905: bets $0.24
desdinova13: folds 
Uncalled bet ($0.24) returned to tom905
tom905 collected $0.18 from pot
*** SUMMARY ***
Total pot $0.19 | Rake $0.01 
Board [5c 3h 8s]
Seat 1: Dorex2007 (small blind) folded before Flop
Seat 4: Parker09SA (big blind) folded before Flop
Seat 5: foresfas0 folded before Flop (didn't bet)
Seat 6: tom905 collected ($0.18)
Seat 7: Manrriquinha folded before Flop (didn't bet)
Seat 8: frosa9397 folded before Flop (didn't bet)
Seat 9: desdinova13 (button) folded on the Flop



PokerStars Hand #233175161483:  Hold'em No Limit ($0.01/$0.02 USD) - 2022/01/15 17:13:17 PT [2022/01/15 20:13:17 ET]
Table 'Herget' 9-max Seat #1 is the button
Seat 1: Dorex2007 ($2 in chips) 
Seat 4: Parker09SA ($4.17 in chips) 
Seat 5: foresfas0 ($2.45 in chips) 
Seat 6: tom905 ($2.10 in chips) 
Seat 7: Manrriquinha ($1.36 in chips) 
Seat 8: frosa9397 ($2.29 in chips) 
Seat 9: desdinova13 ($3.04 in chips) 
Parker09SA: posts small blind $0.01
foresfas0: posts big blind $0.02
*** HOLE CARDS ***
Dealt to Dorex2007 [2d 8h]
tom905: folds 
Manrriquinha: calls $0.02
frosa9397: folds 
desdinova13: folds 
Dorex2007: folds 
Parker09SA: calls $0.01
foresfas0: raises $0.06 to $0.08
Manrriquinha: folds 
Parker09SA: calls $0.06
*** FLOP *** [8d 7s Jd]
Parker09SA: checks 
foresfas0: bets $0.17
Parker09SA: folds 
Uncalled bet ($0.17) returned to foresfas0
foresfas0 collected $0.17 from pot
*** SUMMARY ***
Total pot $0.18 | Rake $0.01 
Board [8d 7s Jd]
Seat 1: Dorex2007 (button) folded before Flop (didn't bet)
Seat 4: Parker09SA (small blind) folded on the Flop
Seat 5: foresfas0 (big blind) collected ($0.17)
Seat 6: tom905 folded before Flop (didn't bet)
Seat 7: Manrriquinha folded before Flop
Seat 8: frosa9397 folded before Flop (didn't bet)
Seat 9: desdinova13 folded before Flop (didn't bet)



PokerStars Hand #233175182215:  Hold'em No Limit ($0.01/$0.02 USD) - 2022/01/15 17:14:18 PT [2022/01/15 20:14:18 ET]
Table 'Herget' 9-max Seat #4 is the button
Seat 1: Dorex2007 ($2 in chips) 
Seat 4: Parker09SA ($4.09 in chips) 
Seat 5: foresfas0 ($2.54 in chips) 
Seat 6: tom905 ($2.10 in chips) 
Seat 7: Manrriquinha ($1.34 in chips) 
Seat 8: frosa9397 ($2.29 in chips) 
Seat 9: desdinova13 ($3.04 in chips) 
foresfas0: posts small blind $0.01
tom905: posts big blind $0.02
*** HOLE CARDS ***
Dealt to Dorex2007 [8s 5d]
Manrriquinha: raises $0.04 to $0.06
frosa9397: folds 
desdinova13: calls $0.06
Dorex2007: folds 
Parker09SA: calls $0.06
foresfas0: folds 
tom905: folds 
*** FLOP *** [4h 4c 2s]
Manrriquinha: bets $0.10
desdinova13: calls $0.10
Parker09SA: folds 
*** TURN *** [4h 4c 2s] [Qh]
Manrriquinha: bets $0.10
desdinova13: calls $0.10
*** RIVER *** [4h 4c 2s Qh] [Kh]
Manrriquinha: checks 
desdinova13: bets $0.35
Manrriquinha: folds 
Uncalled bet ($0.35) returned to desdinova13
desdinova13 collected $0.59 from pot
desdinova13: doesn't show hand 
*** SUMMARY ***
Total pot $0.61 | Rake $0.02 
Board [4h 4c 2s Qh Kh]
Seat 1: Dorex2007 folded before Flop (didn't bet)
Seat 4: Parker09SA (button) folded on the Flop
Seat 5: foresfas0 (small blind) folded before Flop
Seat 6: tom905 (big blind) folded before Flop
Seat 7: Manrriquinha folded on the River
Seat 8: frosa9397 folded before Flop (didn't bet)
Seat 9: desdinova13 collected ($0.59)



PokerStars Hand #233175202732:  Hold'em No Limit ($0.01/$0.02 USD) - 2022/01/15 17:15:17 PT [2022/01/15 20:15:17 ET]
Table 'Herget' 9-max Seat #5 is the button
Seat 1: Dorex2007 ($2 in chips) 
Seat 4: Parker09SA ($4.03 in chips) 
Seat 5: foresfas0 ($2.53 in chips) 
Seat 6: tom905 ($2.08 in chips) 
Seat 7: Manrriquinha ($1.08 in chips) 
Seat 8: frosa9397 ($2.29 in chips) 
Seat 9: desdinova13 ($3.37 in chips) 
tom905: posts small blind $0.01
Manrriquinha: posts big blind $0.02
*** HOLE CARDS ***
Dealt to Dorex2007 [9s 4d]
frosa9397: folds 
desdinova13: folds 
Dorex2007: folds 
Parker09SA: raises $0.04 to $0.06
foresfas0: folds 
tom905: folds 
Manrriquinha: folds 
Uncalled bet ($0.04) returned to Parker09SA
Parker09SA collected $0.05 from pot
*** SUMMARY ***
Total pot $0.05 | Rake $0 
Seat 1: Dorex2007 folded before Flop (didn't bet)
Seat 4: Parker09SA collected ($0.05)
Seat 5: foresfas0 (button) folded before Flop (didn't bet)
Seat 6: tom905 (small blind) folded before Flop
Seat 7: Manrriquinha (big blind) folded before Flop
Seat 8: frosa9397 folded before Flop (didn't bet)
Seat 9: desdinova13 folded before Flop (didn't bet)



PokerStars Hand #233175212820:  Hold'em No Limit ($0.01/$0.02 USD) - 2022/01/15 17:15:47 PT [2022/01/15 20:15:47 ET]
Table 'Herget' 9-max Seat #6 is the button
Seat 1: Dorex2007 ($2 in chips) 
Seat 4: Parker09SA ($4.06 in chips) 
Seat 5: foresfas0 ($2.53 in chips) 
Seat 6: tom905 ($2.07 in chips) 
Seat 7: Manrriquinha ($1.06 in chips) 
Seat 8: frosa9397 ($2.29 in chips) 
Seat 9: desdinova13 ($3.37 in chips) 
Manrriquinha: posts small blind $0.01
frosa9397: posts big blind $0.02
*** HOLE CARDS ***
Dealt to Dorex2007 [5d 6s]
desdinova13: folds 
Dorex2007: folds 
Parker09SA: folds 
foresfas0: calls $0.02
tom905: folds 
Manrriquinha: calls $0.01
frosa9397: checks 
*** FLOP *** [9d 4d 3c]
Manrriquinha: checks 
frosa9397: checks 
foresfas0: bets $0.08
Manrriquinha: folds 
frosa9397: folds 
Uncalled bet ($0.08) returned to foresfas0
foresfas0 collected $0.06 from pot
foresfas0: doesn't show hand 
*** SUMMARY ***
Total pot $0.06 | Rake $0 
Board [9d 4d 3c]
Seat 1: Dorex2007 folded before Flop (didn't bet)
Seat 4: Parker09SA folded before Flop (didn't bet)
Seat 5: foresfas0 collected ($0.06)
Seat 6: tom905 (button) folded before Flop (didn't bet)
Seat 7: Manrriquinha (small blind) folded on the Flop
Seat 8: frosa9397 (big blind) folded on the Flop
Seat 9: desdinova13 folded before Flop (didn't bet)



PokerStars Hand #233175227597:  Hold'em No Limit ($0.01/$0.02 USD) - 2022/01/15 17:16:30 PT [2022/01/15 20:16:30 ET]
Table 'Herget' 9-max Seat #7 is the button
Seat 1: Dorex2007 ($2 in chips) 
Seat 4: Parker09SA ($4.06 in chips) 
Seat 5: foresfas0 ($2.57 in chips) 
Seat 6: tom905 ($2.07 in chips) 
Seat 7: Manrriquinha ($1.04 in chips) 
Seat 8: frosa9397 ($2.27 in chips) 
Seat 9: desdinova13 ($3.37 in chips) 
frosa9397: posts small blind $0.01
desdinova13: posts big blind $0.02
*** HOLE CARDS ***
Dealt to Dorex2007 [5d 8s]
Dorex2007: folds 
Parker09SA: folds 
foresfas0: folds 
tom905: raises $0.02 to $0.04
Manrriquinha: folds 
frosa9397: folds 
desdinova13: raises $0.12 to $0.16
tom905: folds 
Uncalled bet ($0.12) returned to desdinova13
desdinova13 collected $0.09 from pot
desdinova13: doesn't show hand 
*** SUMMARY ***
Total pot $0.09 | Rake $0 
Seat 1: Dorex2007 folded before Flop (didn't bet)
Seat 4: Parker09SA folded before Flop (didn't bet)
Seat 5: foresfas0 folded before Flop (didn't bet)
Seat 6: tom905 folded before Flop
Seat 7: Manrriquinha (button) folded before Flop (didn't bet)
Seat 8: frosa9397 (small blind) folded before Flop
Seat 9: desdinova13 (big blind) collected ($0.09)



PokerStars Hand #233178651947:  Hold'em No Limit ($0.01/$0.02 USD) - 2022/01/15 20:33:18 PT [2022/01/15 23:33:18 ET]
Table 'Herget' 9-max Seat #4 is the button
Seat 1: ElGinoo1 ($1.72 in chips) 
Seat 2: FaTAarU ($2.96 in chips) 
Seat 3: Dorex2007 ($2 in chips) 
Seat 4: rstoyberg ($1.97 in chips) 
Seat 5: gameover409 ($1.51 in chips) 
Seat 6: geyza15 ($2.13 in chips) 
Seat 7: nvkzivan ($1.69 in chips) 
Seat 8: ilianaki785 ($2.58 in chips) 
Seat 9: cynap ($1.52 in chips) 
gameover409: posts small blind $0.01
geyza15: posts big blind $0.02
Dorex2007: posts big blind $0.02
*** HOLE CARDS ***
Dealt to Dorex2007 [Qc 3c]
nvkzivan: folds 
ilianaki785: folds 
cynap: folds 
ElGinoo1: raises $0.08 to $0.10
FaTAarU: folds 
ilianaki785 leaves the table
Dorex2007: folds 
tommyjack04 joins the table at seat #8 
rstoyberg: folds 
gameover409: folds 
geyza15: folds 
Uncalled bet ($0.08) returned to ElGinoo1
ElGinoo1 collected $0.07 from pot
ElGinoo1: doesn't show hand 
*** SUMMARY ***
Total pot $0.07 | Rake $0 
Seat 1: ElGinoo1 collected ($0.07)
Seat 2: FaTAarU folded before Flop (didn't bet)
Seat 3: Dorex2007 folded before Flop (didn't bet)
Seat 4: rstoyberg (button) folded before Flop (didn't bet)
Seat 5: gameover409 (small blind) folded before Flop
Seat 6: geyza15 (big blind) folded before Flop
Seat 7: nvkzivan folded before Flop (didn't bet)
Seat 8: ilianaki785 folded before Flop (didn't bet)
Seat 9: cynap folded before Flop (didn't bet)



PokerStars Hand #233178659379:  Hold'em No Limit ($0.01/$0.02 USD) - 2022/01/15 20:33:53 PT [2022/01/15 23:33:53 ET]
Table 'Herget' 9-max Seat #5 is the button
Seat 1: ElGinoo1 ($1.77 in chips) 
Seat 2: FaTAarU ($2.96 in chips) 
Seat 3: Dorex2007 ($2 in chips) 
Seat 4: rstoyberg ($1.97 in chips) 
Seat 5: gameover409 ($1.50 in chips) 
Seat 6: geyza15 ($2.11 in chips) 
Seat 7: nvkzivan ($1.69 in chips) 
Seat 9: cynap ($1.52 in chips) 
geyza15: posts small blind $0.01
nvkzivan: posts big blind $0.02
tommyjack04: sits out 
*** HOLE CARDS ***
Dealt to Dorex2007 [3c Ks]
cynap: raises $0.06 to $0.08
ElGinoo1 has timed out
ElGinoo1: folds 
FaTAarU: folds 
Dorex2007: folds 
rstoyberg: calls $0.08
gameover409: calls $0.08
geyza15: folds 
nvkzivan: folds 
*** FLOP *** [3s 7h 5s]
cynap: checks 
rstoyberg: checks 
gameover409: bets $0.17
cynap: folds 
rstoyberg: folds 
Uncalled bet ($0.17) returned to gameover409
gameover409 collected $0.26 from pot
gameover409: doesn't show hand 
*** SUMMARY ***
Total pot $0.27 | Rake $0.01 
Board [3s 7h 5s]
Seat 1: ElGinoo1 folded before Flop (didn't bet)
Seat 2: FaTAarU folded before Flop (didn't bet)
Seat 3: Dorex2007 folded before Flop (didn't bet)
Seat 4: rstoyberg folded on the Flop
Seat 5: gameover409 (button) collected ($0.26)
Seat 6: geyza15 (small blind) folded before Flop
Seat 7: nvkzivan (big blind) folded before Flop
Seat 9: cynap folded on the Flop



PokerStars Hand #233178670941:  Hold'em No Limit ($0.01/$0.02 USD) - 2022/01/15 20:34:46 PT [2022/01/15 23:34:46 ET]
Table 'Herget' 9-max Seat #6 is the button
Seat 1: ElGinoo1 ($1.77 in chips) 
Seat 2: FaTAarU ($2.96 in chips) 
Seat 3: Dorex2007 ($2 in chips) 
Seat 4: rstoyberg ($1.89 in chips) 
Seat 5: gameover409 ($1.68 in chips) 
Seat 6: geyza15 ($2.10 in chips) 
Seat 7: nvkzivan ($1.67 in chips) 
Seat 8: tommyjack04 ($0.80 in chips) 
Seat 9: cynap ($1.44 in chips) 
nvkzivan: posts small blind $0.01
tommyjack04: posts big blind $0.02
*** HOLE CARDS ***
Dealt to Dorex2007 [Th Kd]
cynap: folds 
ElGinoo1: folds 
FaTAarU: folds 
Dorex2007: raises $0.02 to $0.04
rstoyberg: folds 
gameover409: folds 
geyza15: folds 
nvkzivan: folds 
tommyjack04: folds 
Uncalled bet ($0.02) returned to Dorex2007
Dorex2007 collected $0.05 from pot
Dorex2007: doesn't show hand 
*** SUMMARY ***
Total pot $0.05 | Rake $0 
Seat 1: ElGinoo1 folded before Flop (didn't bet)
Seat 2: FaTAarU folded before Flop (didn't bet)
Seat 3: Dorex2007 collected ($0.05)
Seat 4: rstoyberg folded before Flop (didn't bet)
Seat 5: gameover409 folded before Flop (didn't bet)
Seat 6: geyza15 (button) folded before Flop (didn't bet)
Seat 7: nvkzivan (small blind) folded before Flop
Seat 8: tommyjack04 (big blind) folded before Flop
Seat 9: cynap folded before Flop (didn't bet)



PokerStars Hand #233178676352:  Hold'em No Limit ($0.01/$0.02 USD) - 2022/01/15 20:35:12 PT [2022/01/15 23:35:12 ET]
Table 'Herget' 9-max Seat #7 is the button
Seat 1: ElGinoo1 ($1.77 in chips) 
Seat 2: FaTAarU ($2.96 in chips) 
Seat 3: Dorex2007 ($2.03 in chips) 
Seat 4: rstoyberg ($1.89 in chips) 
Seat 5: gameover409 ($1.68 in chips) 
Seat 6: geyza15 ($2.10 in chips) 
Seat 7: nvkzivan ($1.66 in chips) 
Seat 8: tommyjack04 ($0.78 in chips) 
Seat 9: cynap ($1.44 in chips) 
tommyjack04: posts small blind $0.01
cynap: posts big blind $0.02
*** HOLE CARDS ***
Dealt to Dorex2007 [3c 9c]
ElGinoo1: folds 
FaTAarU: folds 
Dorex2007: folds 
rstoyberg: folds 
gameover409: folds 
geyza15: calls $0.02
nvkzivan: calls $0.02
tommyjack04: folds 
cynap: checks 
*** FLOP *** [5c 3h Th]
cynap: checks 
geyza15: bets $0.05
nvkzivan: calls $0.05
cynap: folds 
*** TURN *** [5c 3h Th] [Td]
geyza15: checks 
nvkzivan: checks 
*** RIVER *** [5c 3h Th Td] [3s]
geyza15: checks 
nvkzivan: checks 
*** SHOW DOWN ***
geyza15: shows [Ac 5s] (two pair, Tens and Fives)
nvkzivan: mucks hand 
geyza15 collected $0.16 from pot
*** SUMMARY ***
Total pot $0.17 | Rake $0.01 
Board [5c 3h Th Td 3s]
Seat 1: ElGinoo1 folded before Flop (didn't bet)
Seat 2: FaTAarU folded before Flop (didn't bet)
Seat 3: Dorex2007 folded before Flop (didn't bet)
Seat 4: rstoyberg folded before Flop (didn't bet)
Seat 5: gameover409 folded before Flop (didn't bet)
Seat 6: geyza15 showed [Ac 5s] and won ($0.16) with two pair, Tens and Fives
Seat 7: nvkzivan (button) mucked [Kc Qs]
Seat 8: tommyjack04 (small blind) folded before Flop
Seat 9: cynap (big blind) folded on the Flop



PokerStars Hand #233178690265:  Hold'em No Limit ($0.01/$0.02 USD) - 2022/01/15 20:36:17 PT [2022/01/15 23:36:17 ET]
Table 'Herget' 9-max Seat #8 is the button
Seat 1: ElGinoo1 ($1.77 in chips) 
Seat 2: FaTAarU ($2.96 in chips) 
Seat 3: Dorex2007 ($2.03 in chips) 
Seat 4: rstoyberg ($1.89 in chips) 
Seat 5: gameover409 ($1.68 in chips) 
Seat 6: geyza15 ($2.19 in chips) 
Seat 7: nvkzivan ($1.59 in chips) 
Seat 8: tommyjack04 ($0.77 in chips) 
Seat 9: cynap ($1.42 in chips) 
cynap: posts small blind $0.01
ElGinoo1: posts big blind $0.02
*** HOLE CARDS ***
Dealt to Dorex2007 [7h 2h]
FaTAarU: folds 
Dorex2007: folds 
rstoyberg: raises $0.06 to $0.08
gameover409: folds 
geyza15: folds 
nvkzivan: folds 
tommyjack04: folds 
cynap: folds 
ElGinoo1: folds 
Uncalled bet ($0.06) returned to rstoyberg
rstoyberg collected $0.05 from pot
rstoyberg: doesn't show hand 
*** SUMMARY ***
Total pot $0.05 | Rake $0 
Seat 1: ElGinoo1 (big blind) folded before Flop
Seat 2: FaTAarU folded before Flop (didn't bet)
Seat 3: Dorex2007 folded before Flop (didn't bet)
Seat 4: rstoyberg collected ($0.05)
Seat 5: gameover409 folded before Flop (didn't bet)
Seat 6: geyza15 folded before Flop (didn't bet)
Seat 7: nvkzivan folded before Flop (didn't bet)
Seat 8: tommyjack04 (button) folded before Flop (didn't bet)
Seat 9: cynap (small blind) folded before Flop



PokerStars Hand #233178694943:  Hold'em No Limit ($0.01/$0.02 USD) - 2022/01/15 20:36:38 PT [2022/01/15 23:36:38 ET]
Table 'Herget' 9-max Seat #9 is the button
Seat 1: ElGinoo1 ($1.75 in chips) 
Seat 2: FaTAarU ($2.96 in chips) 
Seat 3: Dorex2007 ($2.03 in chips) 
Seat 4: rstoyberg ($1.92 in chips) 
Seat 5: gameover409 ($1.68 in chips) 
Seat 6: geyza15 ($2.19 in chips) 
Seat 7: nvkzivan ($1.59 in chips) 
Seat 8: tommyjack04 ($0.77 in chips) 
Seat 9: cynap ($1.41 in chips) 
ElGinoo1: posts small blind $0.01
FaTAarU: posts big blind $0.02
*** HOLE CARDS ***
Dealt to Dorex2007 [5d Ad]
Dorex2007: calls $0.02
rstoyberg: folds 
gameover409: folds 
geyza15: folds 
nvkzivan: folds 
tommyjack04: folds 
cynap: folds 
ElGinoo1: folds 
FaTAarU: checks 
*** FLOP *** [Kh Ah 2h]
FaTAarU: checks 
Dorex2007: checks 
*** TURN *** [Kh Ah 2h] [4h]
FaTAarU: checks 
Dorex2007: bets $0.05
FaTAarU: folds 
Uncalled bet ($0.05) returned to Dorex2007
Dorex2007 collected $0.05 from pot
Dorex2007: doesn't show hand 
*** SUMMARY ***
Total pot $0.05 | Rake $0 
Board [Kh Ah 2h 4h]
Seat 1: ElGinoo1 (small blind) folded before Flop
Seat 2: FaTAarU (big blind) folded on the Turn
Seat 3: Dorex2007 collected ($0.05)
Seat 4: rstoyberg folded before Flop (didn't bet)
Seat 5: gameover409 folded before Flop (didn't bet)
Seat 6: geyza15 folded before Flop (didn't bet)
Seat 7: nvkzivan folded before Flop (didn't bet)
Seat 8: tommyjack04 folded before Flop (didn't bet)
Seat 9: cynap (button) folded before Flop (didn't bet)



PokerStars Hand #233178708812:  Hold'em No Limit ($0.01/$0.02 USD) - 2022/01/15 20:37:43 PT [2022/01/15 23:37:43 ET]
Table 'Herget' 9-max Seat #1 is the button
Seat 1: ElGinoo1 ($1.74 in chips) 
Seat 2: FaTAarU ($2.94 in chips) 
Seat 3: Dorex2007 ($2.06 in chips) 
Seat 4: rstoyberg ($1.92 in chips) 
Seat 5: gameover409 ($1.68 in chips) 
Seat 6: geyza15 ($2.19 in chips) 
Seat 7: nvkzivan ($1.59 in chips) 
Seat 8: tommyjack04 ($0.77 in chips) 
Seat 9: cynap ($1.41 in chips) 
FaTAarU: posts small blind $0.01
Dorex2007: posts big blind $0.02
*** HOLE CARDS ***
Dealt to Dorex2007 [Ts 5c]
rstoyberg: folds 
gameover409: folds 
geyza15: calls $0.02
nvkzivan: folds 
tommyjack04: folds 
cynap: folds 
ElGinoo1: raises $0.02 to $0.04
FaTAarU: calls $0.03
Dorex2007: folds 
geyza15: calls $0.02
*** FLOP *** [Qs Ac 6h]
FaTAarU: bets $0.02
geyza15: raises $0.09 to $0.11
ElGinoo1: folds 
FaTAarU: calls $0.09
*** TURN *** [Qs Ac 6h] [Th]
FaTAarU: bets $0.10
geyza15: calls $0.10
*** RIVER *** [Qs Ac 6h Th] [3c]
FaTAarU: bets $0.30
geyza15: folds 
Uncalled bet ($0.30) returned to FaTAarU
FaTAarU collected $0.54 from pot
FaTAarU: doesn't show hand 
*** SUMMARY ***
Total pot $0.56 | Rake $0.02 
Board [Qs Ac 6h Th 3c]
Seat 1: ElGinoo1 (button) folded on the Flop
Seat 2: FaTAarU (small blind) collected ($0.54)
Seat 3: Dorex2007 (big blind) folded before Flop
Seat 4: rstoyberg folded before Flop (didn't bet)
Seat 5: gameover409 folded before Flop (didn't bet)
Seat 6: geyza15 folded on the River
Seat 7: nvkzivan folded before Flop (didn't bet)
Seat 8: tommyjack04 folded before Flop (didn't bet)
Seat 9: cynap folded before Flop (didn't bet)



PokerStars Hand #233178730084:  Hold'em No Limit ($0.01/$0.02 USD) - 2022/01/15 20:39:24 PT [2022/01/15 23:39:24 ET]
Table 'Herget' 9-max Seat #2 is the button
Seat 1: ElGinoo1 ($1.70 in chips) 
Seat 2: FaTAarU ($3.23 in chips) 
Seat 3: Dorex2007 ($2.04 in chips) 
Seat 4: rstoyberg ($1.92 in chips) 
Seat 5: gameover409 ($1.68 in chips) 
Seat 6: geyza15 ($2 in chips) 
Seat 7: nvkzivan ($1.59 in chips) 
Seat 8: tommyjack04 ($0.77 in chips) 
Seat 9: cynap ($1.41 in chips) 
Dorex2007: posts small blind $0.01
rstoyberg: posts big blind $0.02
*** HOLE CARDS ***
Dealt to Dorex2007 [Qc 5d]
gameover409: folds 
geyza15: calls $0.02
nvkzivan: folds 
tommyjack04: folds 
cynap: folds 
ElGinoo1: folds 
FaTAarU: calls $0.02
Dorex2007: calls $0.01
rstoyberg: checks 
*** FLOP *** [2c 5c 4s]
Dorex2007: checks 
rstoyberg: checks 
geyza15: checks 
FaTAarU: checks 
*** TURN *** [2c 5c 4s] [2s]
Dorex2007: bets $0.08
rstoyberg: folds 
geyza15: folds 
FaTAarU: calls $0.08
*** RIVER *** [2c 5c 4s 2s] [Kd]
Dorex2007: checks 
FaTAarU: bets $0.11
Dorex2007: calls $0.11
*** SHOW DOWN ***
FaTAarU: shows [3s Tc] (a pair of Deuces)
Dorex2007: shows [Qc 5d] (two pair, Fives and Deuces)
Dorex2007 collected $0.44 from pot
*** SUMMARY ***
Total pot $0.46 | Rake $0.02 
Board [2c 5c 4s 2s Kd]
Seat 1: ElGinoo1 folded before Flop (didn't bet)
Seat 2: FaTAarU (button) showed [3s Tc] and lost with a pair of Deuces
Seat 3: Dorex2007 (small blind) showed [Qc 5d] and won ($0.44) with two pair, Fives and Deuces
Seat 4: rstoyberg (big blind) folded on the Turn
Seat 5: gameover409 folded before Flop (didn't bet)
Seat 6: geyza15 folded on the Turn
Seat 7: nvkzivan folded before Flop (didn't bet)
Seat 8: tommyjack04 folded before Flop (didn't bet)
Seat 9: cynap folded before Flop (didn't bet)



PokerStars Hand #233178744212:  Hold'em No Limit ($0.01/$0.02 USD) - 2022/01/15 20:40:32 PT [2022/01/15 23:40:32 ET]
Table 'Herget' 9-max Seat #3 is the button
Seat 1: ElGinoo1 ($1.70 in chips) 
Seat 2: FaTAarU ($3.02 in chips) 
Seat 3: Dorex2007 ($2.27 in chips) 
Seat 4: rstoyberg ($1.90 in chips) 
Seat 5: gameover409 ($1.68 in chips) 
Seat 6: geyza15 ($2 in chips) 
Seat 7: nvkzivan ($1.59 in chips) 
Seat 8: tommyjack04 ($0.77 in chips) 
Seat 9: cynap ($1.41 in chips) 
rstoyberg: posts small blind $0.01
gameover409: posts big blind $0.02
*** HOLE CARDS ***
Dealt to Dorex2007 [9d Jd]
geyza15: folds 
nvkzivan has timed out
nvkzivan: folds 
tommyjack04: folds 
cynap: folds 
ElGinoo1: folds 
FaTAarU: folds 
Dorex2007: raises $0.04 to $0.06
rstoyberg: folds 
gameover409: folds 
Uncalled bet ($0.04) returned to Dorex2007
Dorex2007 collected $0.05 from pot
Dorex2007: doesn't show hand 
*** SUMMARY ***
Total pot $0.05 | Rake $0 
Seat 1: ElGinoo1 folded before Flop (didn't bet)
Seat 2: FaTAarU folded before Flop (didn't bet)
Seat 3: Dorex2007 (button) collected ($0.05)
Seat 4: rstoyberg (small blind) folded before Flop
Seat 5: gameover409 (big blind) folded before Flop
Seat 6: geyza15 folded before Flop (didn't bet)
Seat 7: nvkzivan folded before Flop (didn't bet)
Seat 8: tommyjack04 folded before Flop (didn't bet)
Seat 9: cynap folded before Flop (didn't bet)



PokerStars Hand #233178750718:  Hold'em No Limit ($0.01/$0.02 USD) - 2022/01/15 20:41:04 PT [2022/01/15 23:41:04 ET]
Table 'Herget' 9-max Seat #4 is the button
Seat 1: ElGinoo1 ($1.70 in chips) 
Seat 2: FaTAarU ($3.02 in chips) 
Seat 3: Dorex2007 ($2.30 in chips) 
Seat 4: rstoyberg ($1.89 in chips) 
Seat 5: gameover409 ($1.66 in chips) 
Seat 6: geyza15 ($2 in chips) 
Seat 7: nvkzivan ($1.59 in chips) 
Seat 8: tommyjack04 ($0.77 in chips) 
Seat 9: cynap ($1.41 in chips) 
gameover409: posts small blind $0.01
geyza15: posts big blind $0.02
*** HOLE CARDS ***
Dealt to Dorex2007 [Jc 5c]
nvkzivan: folds 
tommyjack04: folds 
cynap: raises $0.04 to $0.06
ElGinoo1: folds 
FaTAarU: folds 
Dorex2007: folds 
rstoyberg: folds 
gameover409: folds 
geyza15: folds 
Uncalled bet ($0.04) returned to cynap
cynap collected $0.05 from pot
cynap: doesn't show hand 
*** SUMMARY ***
Total pot $0.05 | Rake $0 
Seat 1: ElGinoo1 folded before Flop (didn't bet)
Seat 2: FaTAarU folded before Flop (didn't bet)
Seat 3: Dorex2007 folded before Flop (didn't bet)
Seat 4: rstoyberg (button) folded before Flop (didn't bet)
Seat 5: gameover409 (small blind) folded before Flop
Seat 6: geyza15 (big blind) folded before Flop
Seat 7: nvkzivan folded before Flop (didn't bet)
Seat 8: tommyjack04 folded before Flop (didn't bet)
Seat 9: cynap collected ($0.05)



PokerStars Hand #233178764221:  Hold'em No Limit ($0.01/$0.02 USD) - 2022/01/15 20:41:32 PT [2022/01/15 23:41:32 ET]
Table 'Herget' 9-max Seat #5 is the button
Seat 1: ElGinoo1 ($1.70 in chips) 
Seat 2: FaTAarU ($3.02 in chips) 
Seat 3: Dorex2007 ($2.30 in chips) 
Seat 4: rstoyberg ($1.89 in chips) 
Seat 5: gameover409 ($1.65 in chips) 
Seat 6: geyza15 ($2 in chips) 
Seat 7: nvkzivan ($1.59 in chips) 
Seat 8: tommyjack04 ($0.77 in chips) 
Seat 9: cynap ($1.44 in chips) 
geyza15: posts small blind $0.01
nvkzivan: posts big blind $0.02
*** HOLE CARDS ***
Dealt to Dorex2007 [Jc 2c]
tommyjack04: folds 
cynap: folds 
ElGinoo1: folds 
FaTAarU: folds 
Dorex2007: folds 
rstoyberg: folds 
gameover409: raises $0.04 to $0.06
geyza15: folds 
nvkzivan: calls $0.04
*** FLOP *** [4h Ah 5h]
nvkzivan: checks 
gameover409: bets $0.06
nvkzivan: folds 
Uncalled bet ($0.06) returned to gameover409
gameover409 collected $0.13 from pot
gameover409: doesn't show hand 
*** SUMMARY ***
Total pot $0.13 | Rake $0 
Board [4h Ah 5h]
Seat 1: ElGinoo1 folded before Flop (didn't bet)
Seat 2: FaTAarU folded before Flop (didn't bet)
Seat 3: Dorex2007 folded before Flop (didn't bet)
Seat 4: rstoyberg folded before Flop (didn't bet)
Seat 5: gameover409 (button) collected ($0.13)
Seat 6: geyza15 (small blind) folded before Flop
Seat 7: nvkzivan (big blind) folded on the Flop
Seat 8: tommyjack04 folded before Flop (didn't bet)
Seat 9: cynap folded before Flop (didn't bet)



PokerStars Hand #233178780552:  Hold'em No Limit ($0.01/$0.02 USD) - 2022/01/15 20:42:07 PT [2022/01/15 23:42:07 ET]
Table 'Herget' 9-max Seat #6 is the button
Seat 1: ElGinoo1 ($1.70 in chips) 
Seat 2: FaTAarU ($3.02 in chips) 
Seat 3: Dorex2007 ($2.30 in chips) 
Seat 4: rstoyberg ($1.89 in chips) 
Seat 5: gameover409 ($1.72 in chips) 
Seat 6: geyza15 ($2 in chips) 
Seat 7: nvkzivan ($1.53 in chips) 
Seat 8: tommyjack04 ($0.77 in chips) 
Seat 9: cynap ($1.44 in chips) 
nvkzivan: posts small blind $0.01
tommyjack04: posts big blind $0.02
*** HOLE CARDS ***
Dealt to Dorex2007 [4h 2h]
cynap: calls $0.02
ElGinoo1: folds 
FaTAarU: folds 
Dorex2007: folds 
rstoyberg: folds 
gameover409: folds 
geyza15: folds 
nvkzivan: calls $0.01
tommyjack04: checks 
*** FLOP *** [Qc As 5d]
nvkzivan: checks 
tommyjack04: checks 
cynap: bets $0.04
nvkzivan: calls $0.04
tommyjack04: folds 
*** TURN *** [Qc As 5d] [5c]
nvkzivan: checks 
cynap: checks 
*** RIVER *** [Qc As 5d 5c] [Kd]
nvkzivan: bets $0.07
cynap: calls $0.07
*** SHOW DOWN ***
nvkzivan: shows [5s Ks] (a full house, Fives full of Kings)
cynap: mucks hand 
nvkzivan collected $0.27 from pot
*** SUMMARY ***
Total pot $0.28 | Rake $0.01 
Board [Qc As 5d 5c Kd]
Seat 1: ElGinoo1 folded before Flop (didn't bet)
Seat 2: FaTAarU folded before Flop (didn't bet)
Seat 3: Dorex2007 folded before Flop (didn't bet)
Seat 4: rstoyberg folded before Flop (didn't bet)
Seat 5: gameover409 folded before Flop (didn't bet)
Seat 6: geyza15 (button) folded before Flop (didn't bet)
Seat 7: nvkzivan (small blind) showed [5s Ks] and won ($0.27) with a full house, Fives full of Kings
Seat 8: tommyjack04 (big blind) folded on the Flop
Seat 9: cynap mucked [7h Kh]



PokerStars Hand #233178788314:  Hold'em No Limit ($0.01/$0.02 USD) - 2022/01/15 20:42:45 PT [2022/01/15 23:42:45 ET]
Table 'Herget' 9-max Seat #7 is the button
Seat 1: ElGinoo1 ($1.70 in chips) 
Seat 2: FaTAarU ($3.02 in chips) 
Seat 3: Dorex2007 ($2.30 in chips) 
Seat 4: rstoyberg ($1.89 in chips) 
Seat 5: gameover409 ($1.72 in chips) 
Seat 6: geyza15 ($2 in chips) 
Seat 7: nvkzivan ($1.67 in chips) 
Seat 8: tommyjack04 ($0.75 in chips) 
Seat 9: cynap ($1.31 in chips) 
tommyjack04: posts small blind $0.01
cynap: posts big blind $0.02
*** HOLE CARDS ***
Dealt to Dorex2007 [4h 7s]
ElGinoo1: folds 
FaTAarU: raises $0.05 to $0.07
Dorex2007: folds 
rstoyberg: folds 
gameover409: folds 
geyza15: calls $0.07
nvkzivan: folds 
tommyjack04: folds 
cynap: calls $0.05
*** FLOP *** [Ac 6h 5h]
cynap: checks 
FaTAarU: bets $0.06
geyza15: raises $0.12 to $0.18
cynap: folds 
FaTAarU: calls $0.12
*** TURN *** [Ac 6h 5h] [Jd]
FaTAarU: checks 
geyza15: bets $0.36
FaTAarU: folds 
Uncalled bet ($0.36) returned to geyza15
geyza15 collected $0.56 from pot
*** SUMMARY ***
Total pot $0.58 | Rake $0.02 
Board [Ac 6h 5h Jd]
Seat 1: ElGinoo1 folded before Flop (didn't bet)
Seat 2: FaTAarU folded on the Turn
Seat 3: Dorex2007 folded before Flop (didn't bet)
Seat 4: rstoyberg folded before Flop (didn't bet)
Seat 5: gameover409 folded before Flop (didn't bet)
Seat 6: geyza15 collected ($0.56)
Seat 7: nvkzivan (button) folded before Flop (didn't bet)
Seat 8: tommyjack04 (small blind) folded before Flop
Seat 9: cynap (big blind) folded on the Flop



PokerStars Hand #233178806263:  Hold'em No Limit ($0.01/$0.02 USD) - 2022/01/15 20:44:11 PT [2022/01/15 23:44:11 ET]
Table 'Herget' 9-max Seat #8 is the button
Seat 1: ElGinoo1 ($1.70 in chips) 
Seat 2: FaTAarU ($2.77 in chips) 
Seat 3: Dorex2007 ($2.30 in chips) 
Seat 4: rstoyberg ($1.89 in chips) 
Seat 5: gameover409 ($1.72 in chips) 
Seat 6: geyza15 ($2.31 in chips) 
Seat 7: nvkzivan ($1.67 in chips) 
Seat 8: tommyjack04 ($0.74 in chips) 
Seat 9: cynap ($1.24 in chips) 
cynap: posts small blind $0.01
ElGinoo1: posts big blind $0.02
*** HOLE CARDS ***
Dealt to Dorex2007 [3s 9c]
FaTAarU: folds 
Dorex2007: folds 
rstoyberg: folds 
gameover409: calls $0.02
geyza15: folds 
nvkzivan: folds 
tommyjack04: folds 
cynap: calls $0.01
ElGinoo1: checks 
*** FLOP *** [8d 7c 3c]
cynap: checks 
ElGinoo1: checks 
gameover409: bets $0.02
cynap: folds 
ElGinoo1: calls $0.02
*** TURN *** [8d 7c 3c] [Kc]
ElGinoo1: checks 
gameover409: bets $0.02
ElGinoo1: folds 
Uncalled bet ($0.02) returned to gameover409
gameover409 collected $0.10 from pot
*** SUMMARY ***
Total pot $0.10 | Rake $0 
Board [8d 7c 3c Kc]
Seat 1: ElGinoo1 (big blind) folded on the Turn
Seat 2: FaTAarU folded before Flop (didn't bet)
Seat 3: Dorex2007 folded before Flop (didn't bet)
Seat 4: rstoyberg folded before Flop (didn't bet)
Seat 5: gameover409 collected ($0.10)
Seat 6: geyza15 folded before Flop (didn't bet)
Seat 7: nvkzivan folded before Flop (didn't bet)
Seat 8: tommyjack04 (button) folded before Flop (didn't bet)
Seat 9: cynap (small blind) folded on the Flop



PokerStars Hand #233178816214:  Hold'em No Limit ($0.01/$0.02 USD) - 2022/01/15 20:45:00 PT [2022/01/15 23:45:00 ET]
Table 'Herget' 9-max Seat #9 is the button
Seat 1: ElGinoo1 ($1.66 in chips) 
Seat 2: FaTAarU ($2.77 in chips) 
Seat 3: Dorex2007 ($2.30 in chips) 
Seat 4: rstoyberg ($1.89 in chips) 
Seat 5: gameover409 ($1.78 in chips) 
Seat 6: geyza15 ($2.31 in chips) 
Seat 7: nvkzivan ($1.67 in chips) 
Seat 8: tommyjack04 ($0.74 in chips) 
Seat 9: cynap ($1.22 in chips) 
ElGinoo1: posts small blind $0.01
FaTAarU: posts big blind $0.02
*** HOLE CARDS ***
Dealt to Dorex2007 [Td 9c]
Dorex2007: folds 
rstoyberg: folds 
gameover409: folds 
geyza15: folds 
nvkzivan: folds 
tommyjack04: folds 
cynap: raises $0.04 to $0.06
ElGinoo1: folds 
FaTAarU: folds 
Uncalled bet ($0.04) returned to cynap
cynap collected $0.05 from pot
cynap: doesn't show hand 
*** SUMMARY ***
Total pot $0.05 | Rake $0 
Seat 1: ElGinoo1 (small blind) folded before Flop
Seat 2: FaTAarU (big blind) folded before Flop
Seat 3: Dorex2007 folded before Flop (didn't bet)
Seat 4: rstoyberg folded before Flop (didn't bet)
Seat 5: gameover409 folded before Flop (didn't bet)
Seat 6: geyza15 folded before Flop (didn't bet)
Seat 7: nvkzivan folded before Flop (didn't bet)
Seat 8: tommyjack04 folded before Flop (didn't bet)
Seat 9: cynap (button) collected ($0.05)



PokerStars Hand #233178822393:  Hold'em No Limit ($0.01/$0.02 USD) - 2022/01/15 20:45:30 PT [2022/01/15 23:45:30 ET]
Table 'Herget' 9-max Seat #1 is the button
Seat 1: ElGinoo1 ($1.65 in chips) 
Seat 2: FaTAarU ($2.75 in chips) 
Seat 3: Dorex2007 ($2.30 in chips) 
Seat 4: rstoyberg ($1.89 in chips) 
Seat 5: gameover409 ($1.78 in chips) 
Seat 6: geyza15 ($2.31 in chips) 
Seat 7: nvkzivan ($1.67 in chips) 
Seat 8: tommyjack04 ($0.74 in chips) 
Seat 9: cynap ($1.25 in chips) 
FaTAarU: posts small blind $0.01
Dorex2007: posts big blind $0.02
*** HOLE CARDS ***
Dealt to Dorex2007 [Tc 7c]
rstoyberg: folds 
gameover409: calls $0.02
geyza15: calls $0.02
nvkzivan: folds 
tommyjack04: folds 
cynap: calls $0.02
ElGinoo1: folds 
FaTAarU: calls $0.01
Dorex2007: checks 
*** FLOP *** [Kc Ts Kh]
FaTAarU: checks 
Dorex2007: bets $0.10
gameover409: folds 
geyza15: calls $0.10
cynap: folds 
FaTAarU: folds 
*** TURN *** [Kc Ts Kh] [Jd]
Dorex2007: checks 
geyza15: checks 
*** RIVER *** [Kc Ts Kh Jd] [4h]
Dorex2007: bets $0.15
geyza15: calls $0.15
*** SHOW DOWN ***
Dorex2007: shows [Tc 7c] (two pair, Kings and Tens)
geyza15: shows [Ac Ah] (two pair, Aces and Kings)
geyza15 collected $0.58 from pot
*** SUMMARY ***
Total pot $0.60 | Rake $0.02 
Board [Kc Ts Kh Jd 4h]
Seat 1: ElGinoo1 (button) folded before Flop (didn't bet)
Seat 2: FaTAarU (small blind) folded on the Flop
Seat 3: Dorex2007 (big blind) showed [Tc 7c] and lost with two pair, Kings and Tens
Seat 4: rstoyberg folded before Flop (didn't bet)
Seat 5: gameover409 folded on the Flop
Seat 6: geyza15 showed [Ac Ah] and won ($0.58) with two pair, Aces and Kings
Seat 7: nvkzivan folded before Flop (didn't bet)
Seat 8: tommyjack04 folded before Flop (didn't bet)
Seat 9: cynap folded on the Flop



PokerStars Hand #233178833106:  Hold'em No Limit ($0.01/$0.02 USD) - 2022/01/15 20:46:23 PT [2022/01/15 23:46:23 ET]
Table 'Herget' 9-max Seat #2 is the button
Seat 1: ElGinoo1 ($1.65 in chips) 
Seat 2: FaTAarU ($2.73 in chips) 
Seat 3: Dorex2007 ($2.03 in chips) 
Seat 4: rstoyberg ($1.89 in chips) 
Seat 5: gameover409 ($1.76 in chips) 
Seat 6: geyza15 ($2.62 in chips) 
Seat 7: nvkzivan ($1.67 in chips) 
Seat 8: tommyjack04 ($0.74 in chips) 
Seat 9: cynap ($1.23 in chips) 
Dorex2007: posts small blind $0.01
rstoyberg: posts big blind $0.02
*** HOLE CARDS ***
Dealt to Dorex2007 [6d 5s]
gameover409: folds 
geyza15: folds 
nvkzivan: folds 
tommyjack04: folds 
cynap: folds 
ElGinoo1: raises $0.06 to $0.08
FaTAarU: folds 
Dorex2007: folds 
rstoyberg: folds 
Uncalled bet ($0.06) returned to ElGinoo1
ElGinoo1 collected $0.05 from pot
ElGinoo1: doesn't show hand 
*** SUMMARY ***
Total pot $0.05 | Rake $0 
Seat 1: ElGinoo1 collected ($0.05)
Seat 2: FaTAarU (button) folded before Flop (didn't bet)
Seat 3: Dorex2007 (small blind) folded before Flop
Seat 4: rstoyberg (big blind) folded before Flop
Seat 5: gameover409 folded before Flop (didn't bet)
Seat 6: geyza15 folded before Flop (didn't bet)
Seat 7: nvkzivan folded before Flop (didn't bet)
Seat 8: tommyjack04 folded before Flop (didn't bet)
Seat 9: cynap folded before Flop (didn't bet)



PokerStars Hand #233178836794:  Hold'em No Limit ($0.01/$0.02 USD) - 2022/01/15 20:46:41 PT [2022/01/15 23:46:41 ET]
Table 'Herget' 9-max Seat #3 is the button
Seat 1: ElGinoo1 ($1.68 in chips) 
Seat 2: FaTAarU ($2.73 in chips) 
Seat 3: Dorex2007 ($2.02 in chips) 
Seat 4: rstoyberg ($1.87 in chips) 
Seat 5: gameover409 ($1.76 in chips) 
Seat 6: geyza15 ($2.62 in chips) 
Seat 7: nvkzivan ($1.67 in chips) 
Seat 8: tommyjack04 ($0.74 in chips) 
Seat 9: cynap ($1.23 in chips) 
rstoyberg: posts small blind $0.01
gameover409: posts big blind $0.02
*** HOLE CARDS ***
Dealt to Dorex2007 [2h 3h]
geyza15: folds 
nvkzivan: folds 
tommyjack04: folds 
cynap: calls $0.02
ElGinoo1: folds 
FaTAarU: folds 
Dorex2007: calls $0.02
rstoyberg: folds 
gameover409: checks 
*** FLOP *** [Qd 6s As]
gameover409: bets $0.02
cynap: folds 
Dorex2007: folds 
Uncalled bet ($0.02) returned to gameover409
gameover409 collected $0.07 from pot
gameover409: doesn't show hand 
*** SUMMARY ***
Total pot $0.07 | Rake $0 
Board [Qd 6s As]
Seat 1: ElGinoo1 folded before Flop (didn't bet)
Seat 2: FaTAarU folded before Flop (didn't bet)
Seat 3: Dorex2007 (button) folded on the Flop
Seat 4: rstoyberg (small blind) folded before Flop
Seat 5: gameover409 (big blind) collected ($0.07)
Seat 6: geyza15 folded before Flop (didn't bet)
Seat 7: nvkzivan folded before Flop (didn't bet)
Seat 8: tommyjack04 folded before Flop (didn't bet)
Seat 9: cynap folded on the Flop



PokerStars Hand #233178844273:  Hold'em No Limit ($0.01/$0.02 USD) - 2022/01/15 20:47:18 PT [2022/01/15 23:47:18 ET]
Table 'Herget' 9-max Seat #4 is the button
Seat 1: ElGinoo1 ($1.68 in chips) 
Seat 2: FaTAarU ($2.73 in chips) 
Seat 3: Dorex2007 ($2 in chips) 
Seat 4: rstoyberg ($1.86 in chips) 
Seat 5: gameover409 ($1.81 in chips) 
Seat 6: geyza15 ($2.62 in chips) 
Seat 7: nvkzivan ($1.67 in chips) 
Seat 8: tommyjack04 ($0.74 in chips) 
Seat 9: cynap ($1.21 in chips) 
gameover409: posts small blind $0.01
geyza15: posts big blind $0.02
*** HOLE CARDS ***
Dealt to Dorex2007 [Qd 8s]
nvkzivan: folds 
tommyjack04: calls $0.02
cynap: calls $0.02
ElGinoo1: folds 
FaTAarU: calls $0.02
Dorex2007: folds 
rstoyberg: folds 
gameover409: calls $0.01
geyza15: checks 
*** FLOP *** [9d 2s 4h]
gameover409: checks 
geyza15: checks 
tommyjack04: checks 
cynap: checks 
FaTAarU: bets $0.02
gameover409: calls $0.02
geyza15: folds 
tommyjack04: folds 
cynap: folds 
*** TURN *** [9d 2s 4h] [Ad]
gameover409: checks 
FaTAarU: checks 
*** RIVER *** [9d 2s 4h Ad] [9s]
gameover409: bets $0.02
FaTAarU: calls $0.02
*** SHOW DOWN ***
gameover409: shows [Kh 4c] (two pair, Nines and Fours)
FaTAarU: mucks hand 
gameover409 collected $0.17 from pot
*** SUMMARY ***
Total pot $0.18 | Rake $0.01 
Board [9d 2s 4h Ad 9s]
Seat 1: ElGinoo1 folded before Flop (didn't bet)
Seat 2: FaTAarU mucked [2d Jd]
Seat 3: Dorex2007 folded before Flop (didn't bet)
Seat 4: rstoyberg (button) folded before Flop (didn't bet)
Seat 5: gameover409 (small blind) showed [Kh 4c] and won ($0.17) with two pair, Nines and Fours
Seat 6: geyza15 (big blind) folded on the Flop
Seat 7: nvkzivan folded before Flop (didn't bet)
Seat 8: tommyjack04 folded on the Flop
Seat 9: cynap folded on the Flop



PokerStars Hand #233178858606:  Hold'em No Limit ($0.01/$0.02 USD) - 2022/01/15 20:48:29 PT [2022/01/15 23:48:29 ET]
Table 'Herget' 9-max Seat #5 is the button
Seat 1: ElGinoo1 ($1.68 in chips) 
Seat 2: FaTAarU ($2.67 in chips) 
Seat 3: Dorex2007 ($2 in chips) 
Seat 4: rstoyberg ($1.86 in chips) 
Seat 5: gameover409 ($1.92 in chips) 
Seat 6: geyza15 ($2.60 in chips) 
Seat 7: nvkzivan ($1.67 in chips) 
Seat 8: tommyjack04 ($0.72 in chips) 
Seat 9: cynap ($1.19 in chips) 
geyza15: posts small blind $0.01
nvkzivan: posts big blind $0.02
*** HOLE CARDS ***
Dealt to Dorex2007 [2c Th]
tommyjack04: folds 
cynap: folds 
ElGinoo1: folds 
FaTAarU: folds 
Dorex2007: folds 
rstoyberg: folds 
gameover409: calls $0.02
geyza15: calls $0.01
nvkzivan: checks 
*** FLOP *** [8h 2d Jh]
geyza15: checks 
nvkzivan: bets $0.06
cynap leaves the table
gameover409: folds 
geyza15: folds 
Uncalled bet ($0.06) returned to nvkzivan
cr@sh test joins the table at seat #9 
nvkzivan collected $0.06 from pot
nvkzivan: doesn't show hand 
*** SUMMARY ***
Total pot $0.06 | Rake $0 
Board [8h 2d Jh]
Seat 1: ElGinoo1 folded before Flop (didn't bet)
Seat 2: FaTAarU folded before Flop (didn't bet)
Seat 3: Dorex2007 folded before Flop (didn't bet)
Seat 4: rstoyberg folded before Flop (didn't bet)
Seat 5: gameover409 (button) folded on the Flop
Seat 6: geyza15 (small blind) folded on the Flop
Seat 7: nvkzivan (big blind) collected ($0.06)
Seat 8: tommyjack04 folded before Flop (didn't bet)
Seat 9: cynap folded before Flop (didn't bet)



PokerStars Hand #233178863916:  Hold'em No Limit ($0.01/$0.02 USD) - 2022/01/15 20:48:55 PT [2022/01/15 23:48:55 ET]
Table 'Herget' 9-max Seat #6 is the button
Seat 1: ElGinoo1 ($1.68 in chips) 
Seat 2: FaTAarU ($2.67 in chips) 
Seat 3: Dorex2007 ($2 in chips) 
Seat 4: rstoyberg ($1.86 in chips) 
Seat 5: gameover409 ($1.90 in chips) 
Seat 6: geyza15 ($2.58 in chips) 
Seat 7: nvkzivan ($1.71 in chips) 
Seat 8: tommyjack04 ($0.72 in chips) 
nvkzivan: posts small blind $0.01
tommyjack04: posts big blind $0.02
cr@sh test: sits out 
*** HOLE CARDS ***
Dealt to Dorex2007 [Ah 3s]
ElGinoo1: folds 
FaTAarU: folds 
Dorex2007: folds 
rstoyberg: folds 
gameover409: calls $0.02
geyza15: calls $0.02
nvkzivan: folds 
tommyjack04: checks 
*** FLOP *** [Ks 4h 3c]
tommyjack04: checks 
gameover409: checks 
geyza15: checks 
*** TURN *** [Ks 4h 3c] [8s]
tommyjack04: checks 
gameover409: checks 
geyza15: checks 
*** RIVER *** [Ks 4h 3c 8s] [As]
tommyjack04: checks 
gameover409: checks 
geyza15: checks 
*** SHOW DOWN ***
tommyjack04: shows [2c 9s] (high card Ace)
gameover409: shows [9h Th] (high card Ace - King+Ten kicker)
geyza15: shows [Jh Qd] (high card Ace - King+Queen kicker)
geyza15 collected $0.07 from pot
*** SUMMARY ***
Total pot $0.07 | Rake $0 
Board [Ks 4h 3c 8s As]
Seat 1: ElGinoo1 folded before Flop (didn't bet)
Seat 2: FaTAarU folded before Flop (didn't bet)
Seat 3: Dorex2007 folded before Flop (didn't bet)
Seat 4: rstoyberg folded before Flop (didn't bet)
Seat 5: gameover409 showed [9h Th] and lost with high card Ace
Seat 6: geyza15 (button) showed [Jh Qd] and won ($0.07) with high card Ace
Seat 7: nvkzivan (small blind) folded before Flop
Seat 8: tommyjack04 (big blind) showed [2c 9s] and lost with high card Ace



PokerStars Hand #233178873279:  Hold'em No Limit ($0.01/$0.02 USD) - 2022/01/15 20:49:41 PT [2022/01/15 23:49:41 ET]
Table 'Herget' 9-max Seat #7 is the button
Seat 1: ElGinoo1 ($1.68 in chips) 
Seat 2: FaTAarU ($2.67 in chips) 
Seat 3: Dorex2007 ($2 in chips) 
Seat 4: rstoyberg ($1.86 in chips) 
Seat 5: gameover409 ($1.88 in chips) 
Seat 6: geyza15 ($2.63 in chips) 
Seat 7: nvkzivan ($1.70 in chips) 
Seat 8: tommyjack04 ($0.70 in chips) 
Seat 9: cr@sh test ($2 in chips) 
tommyjack04: posts small blind $0.01
cr@sh test: posts big blind $0.02
*** HOLE CARDS ***
Dealt to Dorex2007 [8h Qs]
ElGinoo1 has timed out
ElGinoo1: folds 
FaTAarU: folds 
Dorex2007 has timed out
Dorex2007: folds 
rstoyberg: folds 
gameover409: folds 
geyza15: folds 
nvkzivan: folds 
tommyjack04: folds 
Uncalled bet ($0.01) returned to cr@sh test
cr@sh test collected $0.02 from pot
cr@sh test: doesn't show hand 
*** SUMMARY ***
Total pot $0.02 | Rake $0 
Seat 1: ElGinoo1 folded before Flop (didn't bet)
Seat 2: FaTAarU folded before Flop (didn't bet)
Seat 3: Dorex2007 folded before Flop (didn't bet)
Seat 4: rstoyberg folded before Flop (didn't bet)
Seat 5: gameover409 folded before Flop (didn't bet)
Seat 6: geyza15 folded before Flop (didn't bet)
Seat 7: nvkzivan (button) folded before Flop (didn't bet)
Seat 8: tommyjack04 (small blind) folded before Flop
Seat 9: cr@sh test (big blind) collected ($0.02)



PokerStars Hand #233178891338:  Hold'em No Limit ($0.01/$0.02 USD) - 2022/01/15 20:51:11 PT [2022/01/15 23:51:11 ET]
Table 'Herget' 9-max Seat #9 is the button
Seat 1: ElGinoo1 ($1.66 in chips) 
Seat 3: Dorex2007 ($2 in chips) 
Seat 4: rstoyberg ($1.86 in chips) 
Seat 5: gameover409 ($2.01 in chips) 
Seat 6: geyza15 ($2.52 in chips) 
Seat 7: nvkzivan ($1.70 in chips) 
Seat 8: tommyjack04 ($0.69 in chips) 
Seat 9: cr@sh test ($2 in chips) 
ElGinoo1: posts small blind $0.01
Dorex2007: posts big blind $0.02
*** HOLE CARDS ***
Dealt to Dorex2007 [7s Kc]
rstoyberg: folds 
gameover409: folds 
geyza15: folds 
nvkzivan: folds 
tommyjack04: folds 
cr@sh test: folds 
ElGinoo1: folds 
Uncalled bet ($0.01) returned to Dorex2007
Dorex2007 collected $0.02 from pot
Dorex2007: doesn't show hand 
*** SUMMARY ***
Total pot $0.02 | Rake $0 
Seat 1: ElGinoo1 (small blind) folded before Flop
Seat 3: Dorex2007 (big blind) collected ($0.02)
Seat 4: rstoyberg folded before Flop (didn't bet)
Seat 5: gameover409 folded before Flop (didn't bet)
Seat 6: geyza15 folded before Flop (didn't bet)
Seat 7: nvkzivan folded before Flop (didn't bet)
Seat 8: tommyjack04 folded before Flop (didn't bet)
Seat 9: cr@sh test (button) folded before Flop (didn't bet)



PokerStars Hand #233178895795:  Hold'em No Limit ($0.01/$0.02 USD) - 2022/01/15 20:51:34 PT [2022/01/15 23:51:34 ET]
Table 'Herget' 9-max Seat #1 is the button
Seat 1: ElGinoo1 ($1.65 in chips) 
Seat 3: Dorex2007 ($2.01 in chips) 
Seat 4: rstoyberg ($1.86 in chips) 
Seat 5: gameover409 ($2.01 in chips) 
Seat 6: geyza15 ($2.52 in chips) 
Seat 7: nvkzivan ($1.70 in chips) 
Seat 8: tommyjack04 ($0.69 in chips) 
Seat 9: cr@sh test ($2 in chips) 
Dorex2007: posts small blind $0.01
rstoyberg: posts big blind $0.02
*** HOLE CARDS ***
Dealt to Dorex2007 [4s As]
gameover409: folds 
geyza15: raises $0.02 to $0.04
nvkzivan: folds 
tommyjack04: folds 
cr@sh test: folds 
ElGinoo1: calls $0.04
Dorex2007: calls $0.03
rstoyberg: calls $0.02
*** FLOP *** [Tc 5c Jh]
Dorex2007: checks 
rstoyberg: checks 
geyza15: bets $0.15
ElGinoo1: calls $0.15
Dorex2007: folds 
rstoyberg: folds 
*** TURN *** [Tc 5c Jh] [2d]
geyza15: bets $0.38
ElGinoo1: calls $0.38
*** RIVER *** [Tc 5c Jh 2d] [Th]
geyza15: bets $0.42
ElGinoo1: folds 
Uncalled bet ($0.42) returned to geyza15
geyza15 collected $1.18 from pot
geyza15: doesn't show hand 
*** SUMMARY ***
Total pot $1.22 | Rake $0.04 
Board [Tc 5c Jh 2d Th]
Seat 1: ElGinoo1 (button) folded on the River
Seat 3: Dorex2007 (small blind) folded on the Flop
Seat 4: rstoyberg (big blind) folded on the Flop
Seat 5: gameover409 folded before Flop (didn't bet)
Seat 6: geyza15 collected ($1.18)
Seat 7: nvkzivan folded before Flop (didn't bet)
Seat 8: tommyjack04 folded before Flop (didn't bet)
Seat 9: cr@sh test folded before Flop (didn't bet)



PokerStars Hand #233178912319:  Hold'em No Limit ($0.01/$0.02 USD) - 2022/01/15 20:52:57 PT [2022/01/15 23:52:57 ET]
Table 'Herget' 9-max Seat #3 is the button
Seat 1: ElGinoo1 ($1.08 in chips) 
Seat 3: Dorex2007 ($2 in chips) 
Seat 4: rstoyberg ($1.82 in chips) 
Seat 5: gameover409 ($2.01 in chips) 
Seat 6: geyza15 ($3.13 in chips) 
Seat 7: nvkzivan ($1.70 in chips) 
Seat 8: tommyjack04 ($0.69 in chips) 
Seat 9: cr@sh test ($2 in chips) 
rstoyberg: posts small blind $0.01
gameover409: posts big blind $0.02
*** HOLE CARDS ***
Dealt to Dorex2007 [Jc 4h]
geyza15: calls $0.02
nvkzivan has timed out
nvkzivan: folds 
tommyjack04: folds 
cr@sh test: folds 
ElGinoo1: folds 
Dorex2007: folds 
rstoyberg: folds 
gameover409: checks 
*** FLOP *** [Kd 2h 7c]
gameover409: bets $0.02
geyza15: calls $0.02
*** TURN *** [Kd 2h 7c] [Js]
gameover409: bets $0.02
geyza15: folds 
Uncalled bet ($0.02) returned to gameover409
gameover409 collected $0.09 from pot
gameover409: doesn't show hand 
*** SUMMARY ***
Total pot $0.09 | Rake $0 
Board [Kd 2h 7c Js]
Seat 1: ElGinoo1 folded before Flop (didn't bet)
Seat 3: Dorex2007 (button) folded before Flop (didn't bet)
Seat 4: rstoyberg (small blind) folded before Flop
Seat 5: gameover409 (big blind) collected ($0.09)
Seat 6: geyza15 folded on the Turn
Seat 7: nvkzivan folded before Flop (didn't bet)
Seat 8: tommyjack04 folded before Flop (didn't bet)
Seat 9: cr@sh test folded before Flop (didn't bet)



PokerStars Hand #233178920795:  Hold'em No Limit ($0.01/$0.02 USD) - 2022/01/15 20:53:40 PT [2022/01/15 23:53:40 ET]
Table 'Herget' 9-max Seat #4 is the button
Seat 1: ElGinoo1 ($1.88 in chips) 
Seat 2: FaTAarU ($2.67 in chips) 
Seat 3: Dorex2007 ($2 in chips) 
Seat 4: rstoyberg ($1.81 in chips) 
Seat 5: gameover409 ($2.06 in chips) 
Seat 6: geyza15 ($3.09 in chips) 
Seat 7: nvkzivan ($1.70 in chips) 
Seat 8: tommyjack04 ($0.69 in chips) 
Seat 9: cr@sh test ($2 in chips) 
gameover409: posts small blind $0.01
geyza15: posts big blind $0.02
FaTAarU: posts small & big blinds $0.03
*** HOLE CARDS ***
Dealt to Dorex2007 [Ad Ks]
nvkzivan: folds 
tommyjack04: folds 
cr@sh test: folds 
ElGinoo1: folds 
FaTAarU: raises $0.12 to $0.14
Dorex2007: folds 
rstoyberg: folds 
gameover409: folds 
geyza15: folds 
Uncalled bet ($0.12) returned to FaTAarU
FaTAarU collected $0.06 from pot
FaTAarU: doesn't show hand 
*** SUMMARY ***
Total pot $0.06 | Rake $0 
Seat 1: ElGinoo1 folded before Flop (didn't bet)
Seat 2: FaTAarU collected ($0.06)
Seat 3: Dorex2007 folded before Flop (didn't bet)
Seat 4: rstoyberg (button) folded before Flop (didn't bet)
Seat 5: gameover409 (small blind) folded before Flop
Seat 6: geyza15 (big blind) folded before Flop
Seat 7: nvkzivan folded before Flop (didn't bet)
Seat 8: tommyjack04 folded before Flop (didn't bet)
Seat 9: cr@sh test folded before Flop (didn't bet)



PokerStars Hand #233178925784:  Hold'em No Limit ($0.01/$0.02 USD) - 2022/01/15 20:54:05 PT [2022/01/15 23:54:05 ET]
Table 'Herget' 9-max Seat #5 is the button
Seat 1: ElGinoo1 ($2 in chips) 
Seat 2: FaTAarU ($2.70 in chips) 
Seat 3: Dorex2007 ($2 in chips) 
Seat 4: rstoyberg ($1.81 in chips) 
Seat 5: gameover409 ($2.05 in chips) 
Seat 6: geyza15 ($3.07 in chips) 
Seat 7: nvkzivan ($1.70 in chips) 
Seat 8: tommyjack04 ($0.69 in chips) 
Seat 9: cr@sh test ($2 in chips) 
geyza15: posts small blind $0.01
nvkzivan: posts big blind $0.02
*** HOLE CARDS ***
Dealt to Dorex2007 [Jh As]
tommyjack04: folds 
cr@sh test: calls $0.02
ElGinoo1: folds 
FaTAarU: folds 
Dorex2007: calls $0.02
rstoyberg: calls $0.02
gameover409: calls $0.02
geyza15: calls $0.01
nvkzivan: checks 
*** FLOP *** [Tc Qs Th]
geyza15: checks 
nvkzivan: checks 
cr@sh test: checks 
Dorex2007: checks 
rstoyberg: checks 
gameover409: checks 
*** TURN *** [Tc Qs Th] [Qh]
geyza15: checks 
nvkzivan: checks 
cr@sh test: checks 
Dorex2007: checks 
rstoyberg: checks 
gameover409: checks 
*** RIVER *** [Tc Qs Th Qh] [Qd]
geyza15: checks 
nvkzivan: checks 
cr@sh test: checks 
Dorex2007: bets $0.18
rstoyberg: folds 
gameover409: folds 
geyza15: calls $0.18
nvkzivan: calls $0.18
cr@sh test: folds 
*** SHOW DOWN ***
Dorex2007: shows [Jh As] (a full house, Queens full of Tens)
geyza15: shows [9d 7d] (a full house, Queens full of Tens)
nvkzivan: shows [6h 9c] (a full house, Queens full of Tens)
geyza15 collected $0.22 from pot
nvkzivan collected $0.21 from pot
Dorex2007 collected $0.21 from pot
*** SUMMARY ***
Total pot $0.66 | Rake $0.02 
Board [Tc Qs Th Qh Qd]
Seat 1: ElGinoo1 folded before Flop (didn't bet)
Seat 2: FaTAarU folded before Flop (didn't bet)
Seat 3: Dorex2007 showed [Jh As] and won ($0.21) with a full house, Queens full of Tens
Seat 4: rstoyberg folded on the River
Seat 5: gameover409 (button) folded on the River
Seat 6: geyza15 (small blind) showed [9d 7d] and won ($0.22) with a full house, Queens full of Tens
Seat 7: nvkzivan (big blind) showed [6h 9c] and won ($0.21) with a full house, Queens full of Tens
Seat 8: tommyjack04 folded before Flop (didn't bet)
Seat 9: cr@sh test folded on the River



PokerStars Hand #233178943575:  Hold'em No Limit ($0.01/$0.02 USD) - 2022/01/15 20:55:42 PT [2022/01/15 23:55:42 ET]
Table 'Herget' 9-max Seat #6 is the button
Seat 1: ElGinoo1 ($2 in chips) 
Seat 2: FaTAarU ($2.70 in chips) 
Seat 3: Dorex2007 ($2.01 in chips) 
Seat 4: rstoyberg ($1.79 in chips) 
Seat 5: gameover409 ($2.03 in chips) 
Seat 6: geyza15 ($3.09 in chips) 
Seat 7: nvkzivan ($1.71 in chips) 
Seat 9: cr@sh test ($2 in chips) 
nvkzivan: posts small blind $0.01
tommyjack04: is sitting out 
cr@sh test: posts big blind $0.02
*** HOLE CARDS ***
Dealt to Dorex2007 [4h Kc]
tommyjack04 leaves the table
ElGinoo1: folds 
FaTAarU: calls $0.02
Dorex2007: folds 
rstoyberg: folds 
gameover409: folds 
geyza15: folds 
Dorex2007 said, "worth a try :)"
nvkzivan: calls $0.01
cr@sh test: checks 
*** FLOP *** [Qs 6h 9h]
nvkzivan: checks 
cr@sh test: checks 
FaTAarU: bets $0.06
nadokesh joins the table at seat #8 
nvkzivan: folds 
cr@sh test: folds 
Uncalled bet ($0.06) returned to FaTAarU
FaTAarU collected $0.06 from pot
FaTAarU: doesn't show hand 
*** SUMMARY ***
Total pot $0.06 | Rake $0 
Board [Qs 6h 9h]
Seat 1: ElGinoo1 folded before Flop (didn't bet)
Seat 2: FaTAarU collected ($0.06)
Seat 3: Dorex2007 folded before Flop (didn't bet)
Seat 4: rstoyberg folded before Flop (didn't bet)
Seat 5: gameover409 folded before Flop (didn't bet)
Seat 6: geyza15 (button) folded before Flop (didn't bet)
Seat 7: nvkzivan (small blind) folded on the Flop
Seat 9: cr@sh test (big blind) folded on the Flop



PokerStars Hand #233178951731:  Hold'em No Limit ($0.01/$0.02 USD) - 2022/01/15 20:56:33 PT [2022/01/15 23:56:33 ET]
Table 'Herget' 9-max Seat #7 is the button
Seat 1: ElGinoo1 ($2 in chips) 
Seat 2: FaTAarU ($2.74 in chips) 
Seat 3: Dorex2007 ($2.01 in chips) 
Seat 4: rstoyberg ($1.79 in chips) 
Seat 5: gameover409 ($2.03 in chips) 
Seat 6: geyza15 ($3.09 in chips) 
Seat 7: nvkzivan ($1.69 in chips) 
Seat 9: cr@sh test ($2 in chips) 
cr@sh test: posts small blind $0.01
ElGinoo1: posts big blind $0.02
*** HOLE CARDS ***
Dealt to Dorex2007 [4c Kc]
FaTAarU: calls $0.02
Dorex2007: folds 
rstoyberg: raises $0.06 to $0.08
gameover409: folds 
geyza15: folds 
nvkzivan: calls $0.08
cr@sh test: folds 
ElGinoo1: folds 
FaTAarU: calls $0.06
*** FLOP *** [3c Ks 7h]
FaTAarU: checks 
rstoyberg: bets $0.16
nvkzivan: raises $1.45 to $1.61 and is all-in
FaTAarU: folds 
rstoyberg: folds 
Uncalled bet ($1.45) returned to nvkzivan
nvkzivan collected $0.57 from pot
nvkzivan: doesn't show hand 
*** SUMMARY ***
Total pot $0.59 | Rake $0.02 
Board [3c Ks 7h]
Seat 1: ElGinoo1 (big blind) folded before Flop
Seat 2: FaTAarU folded on the Flop
Seat 3: Dorex2007 folded before Flop (didn't bet)
Seat 4: rstoyberg folded on the Flop
Seat 5: gameover409 folded before Flop (didn't bet)
Seat 6: geyza15 folded before Flop (didn't bet)
Seat 7: nvkzivan (button) collected ($0.57)
Seat 9: cr@sh test (small blind) folded before Flop



PokerStars Hand #233178960848:  Hold'em No Limit ($0.01/$0.02 USD) - 2022/01/15 20:57:29 PT [2022/01/15 23:57:29 ET]
Table 'Herget' 9-max Seat #9 is the button
Seat 1: ElGinoo1 ($1.98 in chips) 
Seat 2: FaTAarU ($2.66 in chips) 
Seat 3: Dorex2007 ($2.01 in chips) 
Seat 4: rstoyberg ($1.55 in chips) 
Seat 5: gameover409 ($2.03 in chips) 
Seat 6: geyza15 ($3.09 in chips) 
Seat 7: nvkzivan ($2.02 in chips) 
Seat 9: cr@sh test ($2 in chips) 
ElGinoo1: posts small blind $0.01
FaTAarU: posts big blind $0.02
nadokesh: sits out 
*** HOLE CARDS ***
Dealt to Dorex2007 [Js Ts]
Dorex2007: folds 
rstoyberg: folds 
gameover409: folds 
geyza15: folds 
nvkzivan: folds 
cr@sh test: folds 
ElGinoo1: raises $0.04 to $0.06
FaTAarU: calls $0.04
*** FLOP *** [7d Ac 8h]
ElGinoo1: bets $0.08
FaTAarU: calls $0.08
*** TURN *** [7d Ac 8h] [Jd]
ElGinoo1: bets $0.24
FaTAarU: raises $0.24 to $0.48
ElGinoo1: calls $0.24
*** RIVER *** [7d Ac 8h Jd] [9s]
ElGinoo1: checks 
FaTAarU: bets $2.04 and is all-in
ElGinoo1: folds 
Uncalled bet ($2.04) returned to FaTAarU
FaTAarU collected $1.20 from pot
FaTAarU: doesn't show hand 
*** SUMMARY ***
Total pot $1.24 | Rake $0.04 
Board [7d Ac 8h Jd 9s]
Seat 1: ElGinoo1 (small blind) folded on the River
Seat 2: FaTAarU (big blind) collected ($1.20)
Seat 3: Dorex2007 folded before Flop (didn't bet)
Seat 4: rstoyberg folded before Flop (didn't bet)
Seat 5: gameover409 folded before Flop (didn't bet)
Seat 6: geyza15 folded before Flop (didn't bet)
Seat 7: nvkzivan folded before Flop (didn't bet)
Seat 9: cr@sh test (button) folded before Flop (didn't bet)



PokerStars Hand #233178971137:  Hold'em No Limit ($0.01/$0.02 USD) - 2022/01/15 20:58:32 PT [2022/01/15 23:58:32 ET]
Table 'Herget' 9-max Seat #1 is the button
Seat 1: ElGinoo1 ($1.36 in chips) 
Seat 2: FaTAarU ($3.24 in chips) 
Seat 3: Dorex2007 ($2.01 in chips) 
Seat 4: rstoyberg ($1.55 in chips) 
Seat 5: gameover409 ($2.03 in chips) 
Seat 6: geyza15 ($3.09 in chips) 
Seat 7: nvkzivan ($2.02 in chips) 
Seat 9: cr@sh test ($2 in chips) 
FaTAarU: posts small blind $0.01
Dorex2007: posts big blind $0.02
nadokesh: sits out 
*** HOLE CARDS ***
Dealt to Dorex2007 [9d Td]
rstoyberg: folds 
gameover409: folds 
geyza15: folds 
nvkzivan: calls $0.02
cr@sh test: folds 
ElGinoo1: raises $0.02 to $0.04
FaTAarU: calls $0.03
Dorex2007: calls $0.02
nvkzivan: calls $0.02
*** FLOP *** [8c 5s Qd]
FaTAarU: checks 
Dorex2007: checks 
nvkzivan: bets $0.15
ElGinoo1: folds 
FaTAarU: folds 
Dorex2007: folds 
Uncalled bet ($0.15) returned to nvkzivan
nvkzivan collected $0.15 from pot
nvkzivan: doesn't show hand 
*** SUMMARY ***
Total pot $0.16 | Rake $0.01 
Board [8c 5s Qd]
Seat 1: ElGinoo1 (button) folded on the Flop
Seat 2: FaTAarU (small blind) folded on the Flop
Seat 3: Dorex2007 (big blind) folded on the Flop
Seat 4: rstoyberg folded before Flop (didn't bet)
Seat 5: gameover409 folded before Flop (didn't bet)
Seat 6: geyza15 folded before Flop (didn't bet)
Seat 7: nvkzivan collected ($0.15)
Seat 9: cr@sh test folded before Flop (didn't bet)



PokerStars Hand #233178980238:  Hold'em No Limit ($0.01/$0.02 USD) - 2022/01/15 20:59:25 PT [2022/01/15 23:59:25 ET]
Table 'Herget' 9-max Seat #2 is the button
Seat 1: ElGinoo1 ($1.96 in chips) 
Seat 2: FaTAarU ($3.20 in chips) 
Seat 3: Dorex2007 ($2 in chips) 
Seat 4: rstoyberg ($1.55 in chips) 
Seat 5: gameover409 ($2.03 in chips) 
Seat 6: geyza15 ($3.09 in chips) 
Seat 7: nvkzivan ($2.13 in chips) 
Seat 9: cr@sh test ($2 in chips) 
Dorex2007: posts small blind $0.01
rstoyberg: posts big blind $0.02
nadokesh: sits out 
*** HOLE CARDS ***
Dealt to Dorex2007 [7d Qs]
gameover409: folds 
geyza15: folds 
nvkzivan: folds 
cr@sh test: folds 
ElGinoo1: raises $0.04 to $0.06
FaTAarU: folds 
Dorex2007: folds 
rstoyberg: folds 
Uncalled bet ($0.04) returned to ElGinoo1
ElGinoo1 collected $0.05 from pot
ElGinoo1: doesn't show hand 
*** SUMMARY ***
Total pot $0.05 | Rake $0 
Seat 1: ElGinoo1 collected ($0.05)
Seat 2: FaTAarU (button) folded before Flop (didn't bet)
Seat 3: Dorex2007 (small blind) folded before Flop
Seat 4: rstoyberg (big blind) folded before Flop
Seat 5: gameover409 folded before Flop (didn't bet)
Seat 6: geyza15 folded before Flop (didn't bet)
Seat 7: nvkzivan folded before Flop (didn't bet)
Seat 9: cr@sh test folded before Flop (didn't bet)



PokerStars Hand #233178984262:  Hold'em No Limit ($0.01/$0.02 USD) - 2022/01/15 20:59:49 PT [2022/01/15 23:59:49 ET]
Table 'Herget' 9-max Seat #3 is the button
Seat 1: ElGinoo1 ($1.99 in chips) 
Seat 2: FaTAarU ($3.20 in chips) 
Seat 3: Dorex2007 ($2 in chips) 
Seat 4: rstoyberg ($1.53 in chips) 
Seat 5: gameover409 ($2.03 in chips) 
Seat 6: geyza15 ($3.09 in chips) 
Seat 7: nvkzivan ($2.13 in chips) 
Seat 9: cr@sh test ($2 in chips) 
rstoyberg: posts small blind $0.01
gameover409: posts big blind $0.02
nadokesh: sits out 
*** HOLE CARDS ***
Dealt to Dorex2007 [5h Qc]
geyza15: folds 
nvkzivan: folds 
cr@sh test: folds 
ElGinoo1: raises $0.04 to $0.06
FaTAarU: folds 
Dorex2007: folds 
rstoyberg: folds 
gameover409: folds 
Uncalled bet ($0.04) returned to ElGinoo1
ElGinoo1 collected $0.05 from pot
ElGinoo1: doesn't show hand 
*** SUMMARY ***
Total pot $0.05 | Rake $0 
Seat 1: ElGinoo1 collected ($0.05)
Seat 2: FaTAarU folded before Flop (didn't bet)
Seat 3: Dorex2007 (button) folded before Flop (didn't bet)
Seat 4: rstoyberg (small blind) folded before Flop
Seat 5: gameover409 (big blind) folded before Flop
Seat 6: geyza15 folded before Flop (didn't bet)
Seat 7: nvkzivan folded before Flop (didn't bet)
Seat 9: cr@sh test folded before Flop (didn't bet)



