PokerStars Hand #232734958725:  Hold'em No Limit ($0.01/$0.02 USD) - 2022/01/01 23:01:59 PT [2022/01/02 2:01:59 ET]
Table 'Spartacus III' 9-max Seat #6 is the button
Seat 1: threesixesclub ($5.07 in chips) 
Seat 2: ISOLATION AL ($0.71 in chips) 
Seat 3: nadokesh ($2.11 in chips) 
Seat 4: Yen Rodrguez ($1.25 in chips) 
Seat 5: Dorex2007 ($2 in chips) 
Seat 6: Camezzz ($2 in chips) 
Seat 7: DBLBLYBSTR ($5.15 in chips) 
Seat 8: zeppelin707 ($1.51 in chips) 
Seat 9: Crushpad ($1.92 in chips) 
DBLBLYBSTR: posts small blind $0.01
zeppelin707: posts big blind $0.02
Dorex2007: posts big blind $0.02
*** HOLE CARDS ***
Dealt to Dorex2007 [Kh 4s]
Crushpad: folds 
threesixesclub: raises $0.04 to $0.06
ISOLATION AL: folds 
nadokesh: folds 
Yen Rodrguez: folds 
Dorex2007: folds 
Camezzz: folds 
DBLBLYBSTR: calls $0.05
zeppelin707: folds 
*** FLOP *** [3s Kc 3d]
DBLBLYBSTR: checks 
threesixesclub: bets $0.08
DBLBLYBSTR: folds 
Uncalled bet ($0.08) returned to threesixesclub
threesixesclub collected $0.15 from pot
threesixesclub: doesn't show hand 
*** SUMMARY ***
Total pot $0.16 | Rake $0.01 
Board [3s Kc 3d]
Seat 1: threesixesclub collected ($0.15)
Seat 2: ISOLATION AL folded before Flop (didn't bet)
Seat 3: nadokesh folded before Flop (didn't bet)
Seat 4: Yen Rodrguez folded before Flop (didn't bet)
Seat 5: Dorex2007 folded before Flop (didn't bet)
Seat 6: Camezzz (button) folded before Flop (didn't bet)
Seat 7: DBLBLYBSTR (small blind) folded on the Flop
Seat 8: zeppelin707 (big blind) folded before Flop
Seat 9: Crushpad folded before Flop (didn't bet)



PokerStars Hand #232734964559:  Hold'em No Limit ($0.01/$0.02 USD) - 2022/01/01 23:02:39 PT [2022/01/02 2:02:39 ET]
Table 'Spartacus III' 9-max Seat #7 is the button
Seat 1: threesixesclub ($5.16 in chips) 
Seat 2: ISOLATION AL ($0.71 in chips) 
Seat 3: nadokesh ($2.11 in chips) 
Seat 4: Yen Rodrguez ($1.25 in chips) 
Seat 5: Dorex2007 ($2 in chips) 
Seat 6: Camezzz ($2 in chips) 
Seat 7: DBLBLYBSTR ($5.09 in chips) 
Seat 8: zeppelin707 ($1.49 in chips) 
Seat 9: Crushpad ($1.92 in chips) 
zeppelin707: posts small blind $0.01
Crushpad: posts big blind $0.02
*** HOLE CARDS ***
Dealt to Dorex2007 [7h 8s]
threesixesclub: raises $0.04 to $0.06
ISOLATION AL: folds 
nadokesh: folds 
Yen Rodrguez: calls $0.06
Dorex2007: folds 
Camezzz: folds 
DBLBLYBSTR: folds 
zeppelin707: folds 
Crushpad: folds 
*** FLOP *** [3d 6h Th]
threesixesclub: checks 
Yen Rodrguez: checks 
*** TURN *** [3d 6h Th] [As]
threesixesclub: checks 
Yen Rodrguez: bets $0.06
threesixesclub: calls $0.06
*** RIVER *** [3d 6h Th As] [4d]
threesixesclub: bets $0.13
Yen Rodrguez: folds 
Uncalled bet ($0.13) returned to threesixesclub
threesixesclub collected $0.26 from pot
threesixesclub: doesn't show hand 
*** SUMMARY ***
Total pot $0.27 | Rake $0.01 
Board [3d 6h Th As 4d]
Seat 1: threesixesclub collected ($0.26)
Seat 2: ISOLATION AL folded before Flop (didn't bet)
Seat 3: nadokesh folded before Flop (didn't bet)
Seat 4: Yen Rodrguez folded on the River
Seat 5: Dorex2007 folded before Flop (didn't bet)
Seat 6: Camezzz folded before Flop (didn't bet)
Seat 7: DBLBLYBSTR (button) folded before Flop (didn't bet)
Seat 8: zeppelin707 (small blind) folded before Flop
Seat 9: Crushpad (big blind) folded before Flop



PokerStars Hand #232734975697:  Hold'em No Limit ($0.01/$0.02 USD) - 2022/01/01 23:03:53 PT [2022/01/02 2:03:53 ET]
Table 'Spartacus III' 9-max Seat #8 is the button
Seat 1: threesixesclub ($5.30 in chips) 
Seat 2: ISOLATION AL ($0.71 in chips) 
Seat 3: nadokesh ($2.11 in chips) 
Seat 4: Yen Rodrguez ($1.13 in chips) 
Seat 5: Dorex2007 ($2 in chips) 
Seat 6: Camezzz ($2 in chips) 
Seat 7: DBLBLYBSTR ($5.09 in chips) 
Seat 8: zeppelin707 ($1.48 in chips) 
Seat 9: Crushpad ($1.90 in chips) 
Crushpad: posts small blind $0.01
threesixesclub: posts big blind $0.02
*** HOLE CARDS ***
Dealt to Dorex2007 [6s 9s]
ISOLATION AL: calls $0.02
nadokesh: folds 
Yen Rodrguez: calls $0.02
Dorex2007: folds 
Camezzz: folds 
DBLBLYBSTR: raises $0.09 to $0.11
zeppelin707: folds 
Crushpad: folds 
threesixesclub: calls $0.09
ISOLATION AL: folds 
Yen Rodrguez: calls $0.09
*** FLOP *** [2d 5d Jd]
threesixesclub: checks 
Yen Rodrguez: checks 
DBLBLYBSTR: bets $0.18
threesixesclub: folds 
Yen Rodrguez: calls $0.18
*** TURN *** [2d 5d Jd] [3d]
Yen Rodrguez: checks 
DBLBLYBSTR: bets $0.35
Yen Rodrguez: raises $0.49 to $0.84 and is all-in
DBLBLYBSTR: folds 
Uncalled bet ($0.49) returned to Yen Rodrguez
Yen Rodrguez collected $1.37 from pot
Yen Rodrguez: doesn't show hand 
*** SUMMARY ***
Total pot $1.42 | Rake $0.05 
Board [2d 5d Jd 3d]
Seat 1: threesixesclub (big blind) folded on the Flop
Seat 2: ISOLATION AL folded before Flop
Seat 3: nadokesh folded before Flop (didn't bet)
Seat 4: Yen Rodrguez collected ($1.37)
Seat 5: Dorex2007 folded before Flop (didn't bet)
Seat 6: Camezzz folded before Flop (didn't bet)
Seat 7: DBLBLYBSTR folded on the Turn
Seat 8: zeppelin707 (button) folded before Flop (didn't bet)
Seat 9: Crushpad (small blind) folded before Flop



PokerStars Hand #232734991197:  Hold'em No Limit ($0.01/$0.02 USD) - 2022/01/01 23:05:38 PT [2022/01/02 2:05:38 ET]
Table 'Spartacus III' 9-max Seat #9 is the button
Seat 1: threesixesclub ($5.19 in chips) 
Seat 2: ISOLATION AL ($0.69 in chips) 
Seat 3: nadokesh ($2.11 in chips) 
Seat 4: Yen Rodrguez ($1.86 in chips) 
Seat 5: Dorex2007 ($2 in chips) 
Seat 6: Camezzz ($2 in chips) 
Seat 7: DBLBLYBSTR ($4.45 in chips) 
Seat 8: zeppelin707 ($1.48 in chips) 
Seat 9: Crushpad ($1.89 in chips) 
threesixesclub: posts small blind $0.01
ISOLATION AL: posts big blind $0.02
*** HOLE CARDS ***
Dealt to Dorex2007 [6h Th]
nadokesh: folds 
Yen Rodrguez: folds 
Dorex2007: folds 
Camezzz: folds 
DBLBLYBSTR: raises $0.32 to $0.34
zeppelin707: folds 
Crushpad: folds 
threesixesclub: calls $0.33
ISOLATION AL: folds 
*** FLOP *** [7s Tc 4c]
threesixesclub: bets $0.34
DBLBLYBSTR: raises $0.34 to $0.68
threesixesclub: calls $0.34
*** TURN *** [7s Tc 4c] [Jc]
threesixesclub: checks 
DBLBLYBSTR: bets $1
threesixesclub: calls $1
*** RIVER *** [7s Tc 4c Jc] [As]
threesixesclub: checks 
DBLBLYBSTR: checks 
*** SHOW DOWN ***
threesixesclub: shows [Qh Qd] (a pair of Queens)
DBLBLYBSTR: mucks hand 
threesixesclub collected $3.92 from pot
*** SUMMARY ***
Total pot $4.06 | Rake $0.14 
Board [7s Tc 4c Jc As]
Seat 1: threesixesclub (small blind) showed [Qh Qd] and won ($3.92) with a pair of Queens
Seat 2: ISOLATION AL (big blind) folded before Flop
Seat 3: nadokesh folded before Flop (didn't bet)
Seat 4: Yen Rodrguez folded before Flop (didn't bet)
Seat 5: Dorex2007 folded before Flop (didn't bet)
Seat 6: Camezzz folded before Flop (didn't bet)
Seat 7: DBLBLYBSTR mucked [Ts 9d]
Seat 8: zeppelin707 folded before Flop (didn't bet)
Seat 9: Crushpad (button) folded before Flop (didn't bet)



PokerStars Hand #232734999958:  Hold'em No Limit ($0.01/$0.02 USD) - 2022/01/01 23:06:37 PT [2022/01/02 2:06:37 ET]
Table 'Spartacus III' 9-max Seat #1 is the button
Seat 1: threesixesclub ($7.09 in chips) 
Seat 2: ISOLATION AL ($0.67 in chips) 
Seat 3: nadokesh ($2.11 in chips) 
Seat 4: Yen Rodrguez ($1.86 in chips) 
Seat 5: Dorex2007 ($2 in chips) 
Seat 6: Camezzz ($2 in chips) 
Seat 7: DBLBLYBSTR ($2.43 in chips) 
Seat 8: zeppelin707 ($1.48 in chips) 
Seat 9: Crushpad ($1.89 in chips) 
ISOLATION AL: posts small blind $0.01
nadokesh: posts big blind $0.02
*** HOLE CARDS ***
Dealt to Dorex2007 [7d 8h]
Yen Rodrguez: folds 
Dorex2007: folds 
Camezzz: folds 
DBLBLYBSTR: folds 
zeppelin707: folds 
Crushpad: folds 
threesixesclub: calls $0.02
ISOLATION AL: raises $0.02 to $0.04
nadokesh: calls $0.02
threesixesclub: calls $0.02
*** FLOP *** [As 9h 8s]
ISOLATION AL: bets $0.63 and is all-in
nadokesh: calls $0.63
threesixesclub: folds 
*** TURN *** [As 9h 8s] [3h]
*** RIVER *** [As 9h 8s 3h] [9d]
*** SHOW DOWN ***
ISOLATION AL: shows [Ad Ks] (two pair, Aces and Nines)
nadokesh: shows [Qh Ac] (two pair, Aces and Nines - lower kicker)
ISOLATION AL cashed out the hand for $1.15 | Cash Out Fee $0.01
nadokesh cashed out the hand for $0.17
*** SUMMARY ***
Total pot $1.38 | Rake $0.05 
Board [As 9h 8s 3h 9d]
Seat 1: threesixesclub (button) folded on the Flop
Seat 2: ISOLATION AL (small blind) showed [Ad Ks] and won ($1.33) with two pair, Aces and Nines (pot not awarded as player cashed out)
Seat 3: nadokesh (big blind) showed [Qh Ac] and lost with two pair, Aces and Nines (cashed out).
Seat 4: Yen Rodrguez folded before Flop (didn't bet)
Seat 5: Dorex2007 folded before Flop (didn't bet)
Seat 6: Camezzz folded before Flop (didn't bet)
Seat 7: DBLBLYBSTR folded before Flop (didn't bet)
Seat 8: zeppelin707 folded before Flop (didn't bet)
Seat 9: Crushpad folded before Flop (didn't bet)



PokerStars Hand #232735011443:  Hold'em No Limit ($0.01/$0.02 USD) - 2022/01/01 23:07:53 PT [2022/01/02 2:07:53 ET]
Table 'Spartacus III' 9-max Seat #2 is the button
Seat 1: threesixesclub ($7.05 in chips) 
Seat 2: ISOLATION AL ($1.15 in chips) 
Seat 3: nadokesh ($2 in chips) 
Seat 4: Yen Rodrguez ($1.86 in chips) 
Seat 5: Dorex2007 ($2 in chips) 
Seat 6: Camezzz ($2 in chips) 
Seat 7: DBLBLYBSTR ($2.43 in chips) 
Seat 8: zeppelin707 ($1.48 in chips) 
Seat 9: Crushpad ($1.89 in chips) 
nadokesh: posts small blind $0.01
Yen Rodrguez: posts big blind $0.02
*** HOLE CARDS ***
Dealt to Dorex2007 [4s 6s]
Dorex2007 has timed out
Dorex2007: folds 
Camezzz: folds 
DBLBLYBSTR: folds 
zeppelin707: folds 
Crushpad: folds 
threesixesclub: calls $0.02
ISOLATION AL: folds 
nadokesh: folds 
Yen Rodrguez: checks 
*** FLOP *** [Ah Jh 2s]
ISOLATION AL leaves the table
Yen Rodrguez: bets $0.02
threesixesclub: calls $0.02
*** TURN *** [Ah Jh 2s] [Tc]
Yen Rodrguez: checks 
threesixesclub: bets $0.05
Yen Rodrguez: folds 
Uncalled bet ($0.05) returned to threesixesclub
threesixesclub collected $0.09 from pot
threesixesclub: doesn't show hand 
*** SUMMARY ***
Total pot $0.09 | Rake $0 
Board [Ah Jh 2s Tc]
Seat 1: threesixesclub collected ($0.09)
Seat 2: ISOLATION AL (button) folded before Flop (didn't bet)
Seat 3: nadokesh (small blind) folded before Flop
Seat 4: Yen Rodrguez (big blind) folded on the Turn
Seat 5: Dorex2007 folded before Flop (didn't bet)
Seat 6: Camezzz folded before Flop (didn't bet)
Seat 7: DBLBLYBSTR folded before Flop (didn't bet)
Seat 8: zeppelin707 folded before Flop (didn't bet)
Seat 9: Crushpad folded before Flop (didn't bet)



PokerStars Hand #232735017294:  Hold'em No Limit ($0.01/$0.02 USD) - 2022/01/01 23:08:32 PT [2022/01/02 2:08:32 ET]
Table 'Spartacus III' 9-max Seat #3 is the button
Seat 1: threesixesclub ($7.10 in chips) 
Seat 3: nadokesh ($2 in chips) 
Seat 4: Yen Rodrguez ($1.82 in chips) 
Seat 5: Dorex2007 ($2 in chips) 
Seat 6: Camezzz ($2 in chips) 
Seat 7: DBLBLYBSTR ($2.43 in chips) 
Seat 8: zeppelin707 ($1.48 in chips) 
Seat 9: Crushpad ($1.89 in chips) 
Yen Rodrguez: posts small blind $0.01
Dorex2007: posts big blind $0.02
*** HOLE CARDS ***
Dealt to Dorex2007 [Kc Tc]
Camezzz: folds 
DBLBLYBSTR: folds 
zeppelin707: folds 
bloody55hawk joins the table at seat #2 
Crushpad: folds 
threesixesclub: folds 
nadokesh: raises $0.03 to $0.05
Yen Rodrguez: folds 
Dorex2007: calls $0.03
*** FLOP *** [9s 5s Qd]
Dorex2007: checks 
nadokesh: checks 
*** TURN *** [9s 5s Qd] [8h]
Dorex2007: checks 
nadokesh: checks 
*** RIVER *** [9s 5s Qd 8h] [4c]
Dorex2007: bets $0.06
nadokesh: folds 
Uncalled bet ($0.06) returned to Dorex2007
Dorex2007 collected $0.11 from pot
Dorex2007: doesn't show hand 
*** SUMMARY ***
Total pot $0.11 | Rake $0 
Board [9s 5s Qd 8h 4c]
Seat 1: threesixesclub folded before Flop (didn't bet)
Seat 3: nadokesh (button) folded on the River
Seat 4: Yen Rodrguez (small blind) folded before Flop
Seat 5: Dorex2007 (big blind) collected ($0.11)
Seat 6: Camezzz folded before Flop (didn't bet)
Seat 7: DBLBLYBSTR folded before Flop (didn't bet)
Seat 8: zeppelin707 folded before Flop (didn't bet)
Seat 9: Crushpad folded before Flop (didn't bet)



PokerStars Hand #232735023186:  Hold'em No Limit ($0.01/$0.02 USD) - 2022/01/01 23:09:12 PT [2022/01/02 2:09:12 ET]
Table 'Spartacus III' 9-max Seat #4 is the button
Seat 1: threesixesclub ($7.10 in chips) 
Seat 3: nadokesh ($2 in chips) 
Seat 4: Yen Rodrguez ($1.81 in chips) 
Seat 5: Dorex2007 ($2.06 in chips) 
Seat 6: Camezzz ($2 in chips) 
Seat 7: DBLBLYBSTR ($2.43 in chips) 
Seat 8: zeppelin707 ($1.48 in chips) 
Seat 9: Crushpad ($1.89 in chips) 
Dorex2007: posts small blind $0.01
Camezzz: posts big blind $0.02
bloody55hawk: sits out 
*** HOLE CARDS ***
Dealt to Dorex2007 [Jd 6c]
DBLBLYBSTR: raises $0.04 to $0.06
zeppelin707: folds 
Crushpad: folds 
threesixesclub: calls $0.06
nadokesh: folds 
Yen Rodrguez: calls $0.06
Dorex2007: folds 
Camezzz: folds 
*** FLOP *** [Th 2s 6d]
DBLBLYBSTR: bets $0.10
threesixesclub: folds 
Yen Rodrguez: folds 
Uncalled bet ($0.10) returned to DBLBLYBSTR
DBLBLYBSTR collected $0.20 from pot
DBLBLYBSTR: doesn't show hand 
*** SUMMARY ***
Total pot $0.21 | Rake $0.01 
Board [Th 2s 6d]
Seat 1: threesixesclub folded on the Flop
Seat 3: nadokesh folded before Flop (didn't bet)
Seat 4: Yen Rodrguez (button) folded on the Flop
Seat 5: Dorex2007 (small blind) folded before Flop
Seat 6: Camezzz (big blind) folded before Flop
Seat 7: DBLBLYBSTR collected ($0.20)
Seat 8: zeppelin707 folded before Flop (didn't bet)
Seat 9: Crushpad folded before Flop (didn't bet)



PokerStars Hand #232735030579:  Hold'em No Limit ($0.01/$0.02 USD) - 2022/01/01 23:10:02 PT [2022/01/02 2:10:02 ET]
Table 'Spartacus III' 9-max Seat #5 is the button
Seat 1: threesixesclub ($7.04 in chips) 
Seat 3: nadokesh ($2 in chips) 
Seat 4: Yen Rodrguez ($1.75 in chips) 
Seat 5: Dorex2007 ($2.05 in chips) 
Seat 6: Camezzz ($2 in chips) 
Seat 7: DBLBLYBSTR ($2.57 in chips) 
Seat 8: zeppelin707 ($1.48 in chips) 
Seat 9: Crushpad ($1.89 in chips) 
Camezzz: posts small blind $0.01
DBLBLYBSTR: posts big blind $0.02
bloody55hawk: sits out 
*** HOLE CARDS ***
Dealt to Dorex2007 [9d 3c]
zeppelin707: calls $0.02
Crushpad: folds 
threesixesclub: folds 
nadokesh: folds 
Yen Rodrguez: folds 
Dorex2007: folds 
Camezzz: folds 
DBLBLYBSTR: raises $0.05 to $0.07
zeppelin707: calls $0.05
*** FLOP *** [Kc Qh Ks]
DBLBLYBSTR: checks 
zeppelin707: checks 
*** TURN *** [Kc Qh Ks] [8h]
DBLBLYBSTR: checks 
zeppelin707: checks 
*** RIVER *** [Kc Qh Ks 8h] [8s]
DBLBLYBSTR: bets $0.02
zeppelin707: folds 
Uncalled bet ($0.02) returned to DBLBLYBSTR
DBLBLYBSTR collected $0.14 from pot
DBLBLYBSTR: doesn't show hand 
*** SUMMARY ***
Total pot $0.15 | Rake $0.01 
Board [Kc Qh Ks 8h 8s]
Seat 1: threesixesclub folded before Flop (didn't bet)
Seat 3: nadokesh folded before Flop (didn't bet)
Seat 4: Yen Rodrguez folded before Flop (didn't bet)
Seat 5: Dorex2007 (button) folded before Flop (didn't bet)
Seat 6: Camezzz (small blind) folded before Flop
Seat 7: DBLBLYBSTR (big blind) collected ($0.14)
Seat 8: zeppelin707 folded on the River
Seat 9: Crushpad folded before Flop (didn't bet)



PokerStars Hand #232735036204:  Hold'em No Limit ($0.01/$0.02 USD) - 2022/01/01 23:10:41 PT [2022/01/02 2:10:41 ET]
Table 'Spartacus III' 9-max Seat #6 is the button
Seat 1: threesixesclub ($7.04 in chips) 
Seat 3: nadokesh ($2 in chips) 
Seat 4: Yen Rodrguez ($1.75 in chips) 
Seat 5: Dorex2007 ($2.05 in chips) 
Seat 6: Camezzz ($2 in chips) 
Seat 7: DBLBLYBSTR ($2.64 in chips) 
Seat 8: zeppelin707 ($1.41 in chips) 
Seat 9: Crushpad ($1.89 in chips) 
DBLBLYBSTR: posts small blind $0.01
zeppelin707: posts big blind $0.02
bloody55hawk: sits out 
*** HOLE CARDS ***
Dealt to Dorex2007 [Ks 8h]
Crushpad: folds 
threesixesclub: raises $0.04 to $0.06
nadokesh: folds 
nadokesh leaves the table
Yen Rodrguez: calls $0.06
Dorex2007: folds 
Camezzz: folds 
DBLBLYBSTR: folds 
zeppelin707: calls $0.04
*** FLOP *** [Th Kd Kc]
zeppelin707: checks 
threesixesclub: bets $0.09
Yen Rodrguez: folds 
zeppelin707: folds 
Uncalled bet ($0.09) returned to threesixesclub
threesixesclub collected $0.18 from pot
threesixesclub: doesn't show hand 
*** SUMMARY ***
Total pot $0.19 | Rake $0.01 
Board [Th Kd Kc]
Seat 1: threesixesclub collected ($0.18)
Seat 3: nadokesh folded before Flop (didn't bet)
Seat 4: Yen Rodrguez folded on the Flop
Seat 5: Dorex2007 folded before Flop (didn't bet)
Seat 6: Camezzz (button) folded before Flop (didn't bet)
Seat 7: DBLBLYBSTR (small blind) folded before Flop
Seat 8: zeppelin707 (big blind) folded on the Flop
Seat 9: Crushpad folded before Flop (didn't bet)



PokerStars Hand #232735041931:  Hold'em No Limit ($0.01/$0.02 USD) - 2022/01/01 23:11:19 PT [2022/01/02 2:11:19 ET]
Table 'Spartacus III' 9-max Seat #7 is the button
Seat 1: threesixesclub ($7.16 in chips) 
Seat 4: Yen Rodrguez ($1.69 in chips) 
Seat 5: Dorex2007 ($2.05 in chips) 
Seat 6: Camezzz ($2 in chips) 
Seat 7: DBLBLYBSTR ($2.63 in chips) 
Seat 8: zeppelin707 ($1.35 in chips) 
Seat 9: Crushpad ($1.89 in chips) 
zeppelin707: posts small blind $0.01
Crushpad: posts big blind $0.02
bloody55hawk: sits out 
*** HOLE CARDS ***
Dealt to Dorex2007 [9d 3d]
threesixesclub: raises $0.04 to $0.06
Yen Rodrguez: folds 
Dorex2007: folds 
Camezzz: folds 
DBLBLYBSTR: folds 
zeppelin707: calls $0.05
Crushpad: folds 
*** FLOP *** [6s 9c Jh]
zeppelin707: checks 
tweetyteewt joins the table at seat #3 
threesixesclub: bets $0.07
zeppelin707: calls $0.07
*** TURN *** [6s 9c Jh] [Qh]
zeppelin707: checks 
threesixesclub: bets $0.14
zeppelin707: calls $0.14
*** RIVER *** [6s 9c Jh Qh] [Kc]
zeppelin707: checks 
threesixesclub: checks 
*** SHOW DOWN ***
zeppelin707: shows [Td Ts] (a straight, Nine to King)
threesixesclub: mucks hand 
zeppelin707 collected $0.54 from pot
*** SUMMARY ***
Total pot $0.56 | Rake $0.02 
Board [6s 9c Jh Qh Kc]
Seat 1: threesixesclub mucked [6h Ah]
Seat 4: Yen Rodrguez folded before Flop (didn't bet)
Seat 5: Dorex2007 folded before Flop (didn't bet)
Seat 6: Camezzz folded before Flop (didn't bet)
Seat 7: DBLBLYBSTR (button) folded before Flop (didn't bet)
Seat 8: zeppelin707 (small blind) showed [Td Ts] and won ($0.54) with a straight, Nine to King
Seat 9: Crushpad (big blind) folded before Flop



PokerStars Hand #232735048011:  Hold'em No Limit ($0.01/$0.02 USD) - 2022/01/01 23:12:00 PT [2022/01/02 2:12:00 ET]
Table 'Spartacus III' 9-max Seat #8 is the button
Seat 2: bloody55hawk ($0.80 in chips) 
Seat 4: Yen Rodrguez ($1.69 in chips) 
Seat 5: Dorex2007 ($2.05 in chips) 
Seat 6: Camezzz ($2 in chips) 
Seat 7: DBLBLYBSTR ($2.63 in chips) 
Seat 8: zeppelin707 ($1.62 in chips) 
Seat 9: Crushpad ($1.87 in chips) 
Crushpad: posts small blind $0.01
threesixesclub: is sitting out 
bloody55hawk: posts big blind $0.02
tweetyteewt: sits out 
*** HOLE CARDS ***
Dealt to Dorex2007 [3h Ks]
Yen Rodrguez: calls $0.02
Dorex2007: folds 
Camezzz: folds 
DBLBLYBSTR: calls $0.02
zeppelin707: folds 
Crushpad: folds 
bloody55hawk: checks 
*** FLOP *** [9h Ad Td]
threesixesclub leaves the table
bloody55hawk: checks 
Yen Rodrguez: bets $0.04
DBLBLYBSTR: calls $0.04
bloody55hawk: folds 
*** TURN *** [9h Ad Td] [As]
Yen Rodrguez: bets $0.04
DBLBLYBSTR: calls $0.04
*** RIVER *** [9h Ad Td As] [2s]
Yen Rodrguez: bets $0.04
DBLBLYBSTR: calls $0.04
*** SHOW DOWN ***
Yen Rodrguez: shows [9c 7c] (two pair, Aces and Nines)
DBLBLYBSTR: shows [Jc 9d] (two pair, Aces and Nines - Jack kicker)
DBLBLYBSTR collected $0.30 from pot
*** SUMMARY ***
Total pot $0.31 | Rake $0.01 
Board [9h Ad Td As 2s]
Seat 2: bloody55hawk (big blind) folded on the Flop
Seat 4: Yen Rodrguez showed [9c 7c] and lost with two pair, Aces and Nines
Seat 5: Dorex2007 folded before Flop (didn't bet)
Seat 6: Camezzz folded before Flop (didn't bet)
Seat 7: DBLBLYBSTR showed [Jc 9d] and won ($0.30) with two pair, Aces and Nines
Seat 8: zeppelin707 (button) folded before Flop (didn't bet)
Seat 9: Crushpad (small blind) folded before Flop



PokerStars Hand #232735054309:  Hold'em No Limit ($0.01/$0.02 USD) - 2022/01/01 23:12:43 PT [2022/01/02 2:12:43 ET]
Table 'Spartacus III' 9-max Seat #9 is the button
Seat 2: bloody55hawk ($0.80 in chips) 
Seat 3: tweetyteewt ($2 in chips) 
Seat 4: Yen Rodrguez ($1.55 in chips) 
Seat 5: Dorex2007 ($2.05 in chips) 
Seat 6: Camezzz ($2 in chips) 
Seat 7: DBLBLYBSTR ($2.79 in chips) 
Seat 8: zeppelin707 ($1.62 in chips) 
Seat 9: Crushpad ($1.86 in chips) 
bloody55hawk: posts small blind $0.01
tweetyteewt: posts big blind $0.02
*** HOLE CARDS ***
Dealt to Dorex2007 [2h Qc]
Yen Rodrguez: folds 
Dorex2007: folds 
Camezzz: raises $0.06 to $0.08
DBLBLYBSTR: raises $2.71 to $2.79 and is all-in
zeppelin707: folds 
Crushpad: folds 
bloody55hawk: folds 
tweetyteewt: folds 
Kepista joins the table at seat #1 
Camezzz: folds 
Uncalled bet ($2.71) returned to DBLBLYBSTR
DBLBLYBSTR collected $0.19 from pot
DBLBLYBSTR: doesn't show hand 
*** SUMMARY ***
Total pot $0.19 | Rake $0 
Seat 2: bloody55hawk (small blind) folded before Flop
Seat 3: tweetyteewt (big blind) folded before Flop
Seat 4: Yen Rodrguez folded before Flop (didn't bet)
Seat 5: Dorex2007 folded before Flop (didn't bet)
Seat 6: Camezzz folded before Flop
Seat 7: DBLBLYBSTR collected ($0.19)
Seat 8: zeppelin707 folded before Flop (didn't bet)
Seat 9: Crushpad (button) folded before Flop (didn't bet)



PokerStars Hand #232735061478:  Hold'em No Limit ($0.01/$0.02 USD) - 2022/01/01 23:13:09 PT [2022/01/02 2:13:09 ET]
Table 'Spartacus III' 9-max Seat #2 is the button
Seat 1: Kepista ($0.80 in chips) 
Seat 2: bloody55hawk ($0.80 in chips) 
Seat 3: tweetyteewt ($2 in chips) 
Seat 4: Yen Rodrguez ($1.55 in chips) 
Seat 5: Dorex2007 ($2.05 in chips) 
Seat 6: Camezzz ($2 in chips) 
Seat 7: DBLBLYBSTR ($2.90 in chips) 
Seat 8: zeppelin707 ($1.62 in chips) 
Seat 9: Crushpad ($1.86 in chips) 
tweetyteewt: posts small blind $0.01
Yen Rodrguez: posts big blind $0.02
Kepista: posts big blind $0.02
*** HOLE CARDS ***
Dealt to Dorex2007 [Ac Ad]
Dorex2007: raises $0.04 to $0.06
Camezzz: folds 
DBLBLYBSTR: raises $0.04 to $0.10
zeppelin707: folds 
Crushpad: folds 
Kepista: calls $0.08
bloody55hawk: folds 
tweetyteewt: folds 
Yen Rodrguez: folds 
Dorex2007: raises $1.95 to $2.05 and is all-in
DBLBLYBSTR: folds 
Kepista: folds 
Uncalled bet ($1.95) returned to Dorex2007
Dorex2007 collected $0.33 from pot
Dorex2007: doesn't show hand 
*** SUMMARY ***
Total pot $0.33 | Rake $0 
Seat 1: Kepista folded before Flop
Seat 2: bloody55hawk (button) folded before Flop (didn't bet)
Seat 3: tweetyteewt (small blind) folded before Flop
Seat 4: Yen Rodrguez (big blind) folded before Flop
Seat 5: Dorex2007 collected ($0.33)
Seat 6: Camezzz folded before Flop (didn't bet)
Seat 7: DBLBLYBSTR folded before Flop
Seat 8: zeppelin707 folded before Flop (didn't bet)
Seat 9: Crushpad folded before Flop (didn't bet)



PokerStars Hand #232735068699:  Hold'em No Limit ($0.01/$0.02 USD) - 2022/01/01 23:13:58 PT [2022/01/02 2:13:58 ET]
Table 'Spartacus III' 9-max Seat #3 is the button
Seat 1: Kepista ($0.70 in chips) 
Seat 2: bloody55hawk ($0.80 in chips) 
Seat 3: tweetyteewt ($2 in chips) 
Seat 4: Yen Rodrguez ($1.53 in chips) 
Seat 5: Dorex2007 ($2.28 in chips) 
Seat 6: Camezzz ($2 in chips) 
Seat 7: DBLBLYBSTR ($2.80 in chips) 
Seat 8: zeppelin707 ($1.62 in chips) 
Seat 9: Crushpad ($1.86 in chips) 
Yen Rodrguez: posts small blind $0.01
Dorex2007: posts big blind $0.02
*** HOLE CARDS ***
Dealt to Dorex2007 [Th Jd]
Camezzz: folds 
DBLBLYBSTR: folds 
zeppelin707: raises $1.60 to $1.62 and is all-in
Crushpad: folds 
Kepista: calls $0.70 and is all-in
bloody55hawk: folds 
tweetyteewt: folds 
Yen Rodrguez: folds 
Dorex2007: folds 
Uncalled bet ($0.92) returned to zeppelin707
*** FLOP *** [6s 7h 3c]
*** TURN *** [6s 7h 3c] [2h]
*** RIVER *** [6s 7h 3c 2h] [3h]
*** SHOW DOWN ***
zeppelin707: shows [Ac Ah] (two pair, Aces and Threes)
Kepista: shows [Qs As] (a pair of Threes)
zeppelin707 cashed out the hand for $1.20 | Cash Out Fee $0.01
*** SUMMARY ***
Total pot $1.43 | Rake $0.05 
Board [6s 7h 3c 2h 3h]
Seat 1: Kepista showed [Qs As] and lost with a pair of Threes
Seat 2: bloody55hawk folded before Flop (didn't bet)
Seat 3: tweetyteewt (button) folded before Flop (didn't bet)
Seat 4: Yen Rodrguez (small blind) folded before Flop
Seat 5: Dorex2007 (big blind) folded before Flop
Seat 6: Camezzz folded before Flop (didn't bet)
Seat 7: DBLBLYBSTR folded before Flop (didn't bet)
Seat 8: zeppelin707 showed [Ac Ah] and won ($1.38) with two pair, Aces and Threes (pot not awarded as player cashed out)
Seat 9: Crushpad folded before Flop (didn't bet)



PokerStars Hand #232735073881:  Hold'em No Limit ($0.01/$0.02 USD) - 2022/01/01 23:14:34 PT [2022/01/02 2:14:34 ET]
Table 'Spartacus III' 9-max Seat #4 is the button
Seat 2: bloody55hawk ($0.80 in chips) 
Seat 3: tweetyteewt ($2 in chips) 
Seat 4: Yen Rodrguez ($1.52 in chips) 
Seat 5: Dorex2007 ($2.26 in chips) 
Seat 6: Camezzz ($2 in chips) 
Seat 7: DBLBLYBSTR ($2.80 in chips) 
Seat 8: zeppelin707 ($2.12 in chips) 
Seat 9: Crushpad ($1.86 in chips) 
Dorex2007: posts small blind $0.01
Camezzz: posts big blind $0.02
*** HOLE CARDS ***
Dealt to Dorex2007 [5h Qd]
Kepista leaves the table
DBLBLYBSTR: folds 
zeppelin707: calls $0.02
Crushpad: folds 
bloody55hawk: folds 
tweetyteewt: folds 
Yen Rodrguez: calls $0.02
Dorex2007: folds 
Camezzz: checks 
*** FLOP *** [5c 3c Jc]
rake23 joins the table at seat #1 
Camezzz: bets $0.04
zeppelin707: calls $0.04
Yen Rodrguez: calls $0.04
*** TURN *** [5c 3c Jc] [9c]
Camezzz: checks 
zeppelin707: checks 
Yen Rodrguez: bets $0.09
Camezzz: folds 
zeppelin707: folds 
Uncalled bet ($0.09) returned to Yen Rodrguez
Yen Rodrguez collected $0.18 from pot
Yen Rodrguez: doesn't show hand 
*** SUMMARY ***
Total pot $0.19 | Rake $0.01 
Board [5c 3c Jc 9c]
Seat 2: bloody55hawk folded before Flop (didn't bet)
Seat 3: tweetyteewt folded before Flop (didn't bet)
Seat 4: Yen Rodrguez (button) collected ($0.18)
Seat 5: Dorex2007 (small blind) folded before Flop
Seat 6: Camezzz (big blind) folded on the Turn
Seat 7: DBLBLYBSTR folded before Flop (didn't bet)
Seat 8: zeppelin707 folded on the Turn
Seat 9: Crushpad folded before Flop (didn't bet)



PokerStars Hand #232735081062:  Hold'em No Limit ($0.01/$0.02 USD) - 2022/01/01 23:15:22 PT [2022/01/02 2:15:22 ET]
Table 'Spartacus III' 9-max Seat #5 is the button
Seat 2: bloody55hawk ($0.80 in chips) 
Seat 3: tweetyteewt ($2 in chips) 
Seat 4: Yen Rodrguez ($1.64 in chips) 
Seat 5: Dorex2007 ($2.25 in chips) 
Seat 6: Camezzz ($2 in chips) 
Seat 7: DBLBLYBSTR ($2.80 in chips) 
Seat 8: zeppelin707 ($2.06 in chips) 
Seat 9: Crushpad ($1.86 in chips) 
Camezzz: posts small blind $0.01
DBLBLYBSTR: posts big blind $0.02
rake23: sits out 
*** HOLE CARDS ***
Dealt to Dorex2007 [Jd 5h]
zeppelin707: folds 
Crushpad: folds 
bloody55hawk: folds 
tweetyteewt: folds 
Yen Rodrguez: calls $0.02
Dorex2007: folds 
Camezzz: folds 
Crushpad leaves the table
DBLBLYBSTR: checks 
*** FLOP *** [4c Qh 8d]
DBLBLYBSTR: checks 
Yen Rodrguez: bets $0.02
DBLBLYBSTR: calls $0.02
*** TURN *** [4c Qh 8d] [2s]
DBLBLYBSTR: checks 
Yen Rodrguez: bets $0.02
crazyrun joins the table at seat #9 
DBLBLYBSTR: folds 
Uncalled bet ($0.02) returned to Yen Rodrguez
Yen Rodrguez collected $0.09 from pot
Yen Rodrguez: doesn't show hand 
*** SUMMARY ***
Total pot $0.09 | Rake $0 
Board [4c Qh 8d 2s]
Seat 2: bloody55hawk folded before Flop (didn't bet)
Seat 3: tweetyteewt folded before Flop (didn't bet)
Seat 4: Yen Rodrguez collected ($0.09)
Seat 5: Dorex2007 (button) folded before Flop (didn't bet)
Seat 6: Camezzz (small blind) folded before Flop
Seat 7: DBLBLYBSTR (big blind) folded on the Turn
Seat 8: zeppelin707 folded before Flop (didn't bet)
Seat 9: Crushpad folded before Flop (didn't bet)



PokerStars Hand #232735086490:  Hold'em No Limit ($0.01/$0.02 USD) - 2022/01/01 23:15:58 PT [2022/01/02 2:15:58 ET]
Table 'Spartacus III' 9-max Seat #6 is the button
Seat 2: bloody55hawk ($0.80 in chips) 
Seat 3: tweetyteewt ($2 in chips) 
Seat 4: Yen Rodrguez ($1.69 in chips) 
Seat 5: Dorex2007 ($2.25 in chips) 
Seat 6: Camezzz ($2 in chips) 
Seat 7: DBLBLYBSTR ($2.76 in chips) 
Seat 9: crazyrun ($2 in chips) 
DBLBLYBSTR: posts small blind $0.01
crazyrun: posts big blind $0.02
rake23: sits out 
*** HOLE CARDS ***
Dealt to Dorex2007 [Qd 3d]
bloody55hawk: folds 
tweetyteewt: folds 
Yen Rodrguez: raises $0.04 to $0.06
Dorex2007: folds 
Camezzz: folds 
DBLBLYBSTR: calls $0.05
crazyrun: folds 
*** FLOP *** [6h 6d Qh]
DBLBLYBSTR: bets $0.07
Yen Rodrguez: calls $0.07
*** TURN *** [6h 6d Qh] [4s]
DBLBLYBSTR: bets $0.14
Yen Rodrguez: calls $0.14
*** RIVER *** [6h 6d Qh 4s] [4d]
DBLBLYBSTR: bets $0.27
Yen Rodrguez: calls $0.27
*** SHOW DOWN ***
DBLBLYBSTR: shows [9s Ks] (two pair, Sixes and Fours)
Yen Rodrguez: shows [Jd Ad] (two pair, Sixes and Fours - Ace kicker)
Yen Rodrguez collected $1.06 from pot
*** SUMMARY ***
Total pot $1.10 | Rake $0.04 
Board [6h 6d Qh 4s 4d]
Seat 2: bloody55hawk folded before Flop (didn't bet)
Seat 3: tweetyteewt folded before Flop (didn't bet)
Seat 4: Yen Rodrguez showed [Jd Ad] and won ($1.06) with two pair, Sixes and Fours
Seat 5: Dorex2007 folded before Flop (didn't bet)
Seat 6: Camezzz (button) folded before Flop (didn't bet)
Seat 7: DBLBLYBSTR (small blind) showed [9s Ks] and lost with two pair, Sixes and Fours
Seat 9: crazyrun (big blind) folded before Flop



PokerStars Hand #232735097358:  Hold'em No Limit ($0.01/$0.02 USD) - 2022/01/01 23:17:11 PT [2022/01/02 2:17:11 ET]
Table 'Spartacus III' 9-max Seat #7 is the button
Seat 1: rake23 ($2 in chips) 
Seat 2: bloody55hawk ($0.80 in chips) 
Seat 3: tweetyteewt ($2 in chips) 
Seat 4: Yen Rodrguez ($2.21 in chips) 
Seat 5: Dorex2007 ($2.25 in chips) 
Seat 6: Camezzz ($2 in chips) 
Seat 7: DBLBLYBSTR ($2.22 in chips) 
Seat 9: crazyrun ($1.98 in chips) 
crazyrun: posts small blind $0.01
rake23: posts big blind $0.02
*** HOLE CARDS ***
Dealt to Dorex2007 [5d Ah]
bloody55hawk: folds 
tweetyteewt: folds 
Yen Rodrguez: calls $0.02
Dorex2007: folds 
Camezzz: folds 
DBLBLYBSTR: raises $0.07 to $0.09
crazyrun: folds 
rake23: calls $0.07
Yen Rodrguez: calls $0.07
*** FLOP *** [9c Td 2c]
rake23: checks 
Yen Rodrguez: bets $0.02
DBLBLYBSTR: raises $0.12 to $0.14
rake23: raises $0.26 to $0.40
Yen Rodrguez: folds 
DBLBLYBSTR: calls $0.26
*** TURN *** [9c Td 2c] [3c]
rake23: bets $0.34
DBLBLYBSTR: calls $0.34
*** RIVER *** [9c Td 2c 3c] [9s]
rake23: bets $1.17 and is all-in
DBLBLYBSTR: calls $1.17
*** SHOW DOWN ***
rake23: shows [Tc Ac] (a flush, Ace high)
DBLBLYBSTR: shows [Qc Jc] (a flush, Queen high)
rake23 collected $3.98 from pot
*** SUMMARY ***
Total pot $4.12 | Rake $0.14 
Board [9c Td 2c 3c 9s]
Seat 1: rake23 (big blind) showed [Tc Ac] and won ($3.98) with a flush, Ace high
Seat 2: bloody55hawk folded before Flop (didn't bet)
Seat 3: tweetyteewt folded before Flop (didn't bet)
Seat 4: Yen Rodrguez folded on the Flop
Seat 5: Dorex2007 folded before Flop (didn't bet)
Seat 6: Camezzz folded before Flop (didn't bet)
Seat 7: DBLBLYBSTR (button) showed [Qc Jc] and lost with a flush, Queen high
Seat 9: crazyrun (small blind) folded before Flop



PokerStars Hand #232735108911:  Hold'em No Limit ($0.01/$0.02 USD) - 2022/01/01 23:18:29 PT [2022/01/02 2:18:29 ET]
Table 'Spartacus III' 9-max Seat #9 is the button
Seat 1: rake23 ($3.98 in chips) 
Seat 2: bloody55hawk ($0.80 in chips) 
Seat 3: tweetyteewt ($2 in chips) 
Seat 4: Yen Rodrguez ($2.10 in chips) 
Seat 5: Dorex2007 ($2.25 in chips) 
Seat 6: Camezzz ($2 in chips) 
Seat 7: DBLBLYBSTR ($0.22 in chips) 
Seat 9: crazyrun ($1.97 in chips) 
rake23: posts small blind $0.01
bloody55hawk: posts big blind $0.02
*** HOLE CARDS ***
Dealt to Dorex2007 [4h Kh]
tweetyteewt: folds 
Yen Rodrguez: folds 
Dorex2007: folds 
Camezzz: folds 
DBLBLYBSTR: raises $0.20 to $0.22 and is all-in
crazyrun: calls $0.22
rake23: folds 
bloody55hawk: folds 
*** FLOP *** [2h 9d 7c]
*** TURN *** [2h 9d 7c] [Js]
*** RIVER *** [2h 9d 7c Js] [Qh]
*** SHOW DOWN ***
DBLBLYBSTR: shows [Ad 3h] (high card Ace)
crazyrun: shows [5c 5s] (a pair of Fives)
crazyrun collected $0.45 from pot
*** SUMMARY ***
Total pot $0.47 | Rake $0.02 
Board [2h 9d 7c Js Qh]
Seat 1: rake23 (small blind) folded before Flop
Seat 2: bloody55hawk (big blind) folded before Flop
Seat 3: tweetyteewt folded before Flop (didn't bet)
Seat 4: Yen Rodrguez folded before Flop (didn't bet)
Seat 5: Dorex2007 folded before Flop (didn't bet)
Seat 6: Camezzz folded before Flop (didn't bet)
Seat 7: DBLBLYBSTR showed [Ad 3h] and lost with high card Ace
Seat 9: crazyrun (button) showed [5c 5s] and won ($0.45) with a pair of Fives



PokerStars Hand #232735113641:  Hold'em No Limit ($0.01/$0.02 USD) - 2022/01/01 23:19:01 PT [2022/01/02 2:19:01 ET]
Table 'Spartacus III' 9-max Seat #1 is the button
Seat 1: rake23 ($3.97 in chips) 
Seat 2: bloody55hawk ($0.80 in chips) 
Seat 3: tweetyteewt ($2 in chips) 
Seat 4: Yen Rodrguez ($2.10 in chips) 
Seat 5: Dorex2007 ($2.25 in chips) 
Seat 6: Camezzz ($2 in chips) 
Seat 9: crazyrun ($2.20 in chips) 
bloody55hawk: posts small blind $0.01
tweetyteewt: posts big blind $0.02
*** HOLE CARDS ***
Dealt to Dorex2007 [7d 8h]
Yen Rodrguez: calls $0.02
Dorex2007: folds 
Camezzz: folds 
crazyrun: folds 
rake23: folds 
bloody55hawk: calls $0.01
tweetyteewt: checks 
*** FLOP *** [As 7c Kd]
bloody55hawk: checks 
tweetyteewt: checks 
Yen Rodrguez is connected 
Yen Rodrguez: bets $0.04
bloody55hawk: folds 
tweetyteewt: folds 
Uncalled bet ($0.04) returned to Yen Rodrguez
Yen Rodrguez collected $0.06 from pot
Yen Rodrguez: doesn't show hand 
*** SUMMARY ***
Total pot $0.06 | Rake $0 
Board [As 7c Kd]
Seat 1: rake23 (button) folded before Flop (didn't bet)
Seat 2: bloody55hawk (small blind) folded on the Flop
Seat 3: tweetyteewt (big blind) folded on the Flop
Seat 4: Yen Rodrguez collected ($0.06)
Seat 5: Dorex2007 folded before Flop (didn't bet)
Seat 6: Camezzz folded before Flop (didn't bet)
Seat 9: crazyrun folded before Flop (didn't bet)



PokerStars Hand #232735121288:  Hold'em No Limit ($0.01/$0.02 USD) - 2022/01/01 23:19:52 PT [2022/01/02 2:19:52 ET]
Table 'Spartacus III' 9-max Seat #2 is the button
Seat 1: rake23 ($3.97 in chips) 
Seat 2: bloody55hawk ($0.80 in chips) 
Seat 3: tweetyteewt ($2 in chips) 
Seat 4: Yen Rodrguez ($2.14 in chips) 
Seat 5: Dorex2007 ($2.25 in chips) 
Seat 6: Camezzz ($2 in chips) 
Seat 7: DBLBLYBSTR ($2 in chips) 
Seat 9: crazyrun ($2.20 in chips) 
tweetyteewt: posts small blind $0.01
Yen Rodrguez: posts big blind $0.02
*** HOLE CARDS ***
Dealt to Dorex2007 [6h Jc]
Dorex2007: folds 
Camezzz: folds 
DBLBLYBSTR: folds 
crazyrun: folds 
rake23: folds 
bloody55hawk: raises $0.78 to $0.80 and is all-in
tweetyteewt: folds 
Yen Rodrguez: folds 
Uncalled bet ($0.78) returned to bloody55hawk
bloody55hawk collected $0.05 from pot
bloody55hawk: doesn't show hand 
*** SUMMARY ***
Total pot $0.05 | Rake $0 
Seat 1: rake23 folded before Flop (didn't bet)
Seat 2: bloody55hawk (button) collected ($0.05)
Seat 3: tweetyteewt (small blind) folded before Flop
Seat 4: Yen Rodrguez (big blind) folded before Flop
Seat 5: Dorex2007 folded before Flop (didn't bet)
Seat 6: Camezzz folded before Flop (didn't bet)
Seat 7: DBLBLYBSTR folded before Flop (didn't bet)
Seat 9: crazyrun folded before Flop (didn't bet)



PokerStars Hand #232735131158:  Hold'em No Limit ($0.01/$0.02 USD) - 2022/01/01 23:20:59 PT [2022/01/02 2:20:59 ET]
Table 'Spartacus III' 9-max Seat #3 is the button
Seat 1: rake23 ($3.97 in chips) 
Seat 2: bloody55hawk ($0.83 in chips) 
Seat 3: tweetyteewt ($2 in chips) 
Seat 4: Yen Rodrguez ($2.12 in chips) 
Seat 5: Dorex2007 ($2.25 in chips) 
Seat 6: Camezzz ($2 in chips) 
Seat 7: DBLBLYBSTR ($2 in chips) 
Seat 9: crazyrun ($2.20 in chips) 
Yen Rodrguez: posts small blind $0.01
Dorex2007: posts big blind $0.02
*** HOLE CARDS ***
Dealt to Dorex2007 [Kd 2h]
Camezzz: folds 
DBLBLYBSTR: folds 
crazyrun: raises $0.04 to $0.06
rake23: folds 
bloody55hawk: folds 
tweetyteewt: folds 
Yen Rodrguez: calls $0.05
Dorex2007: folds 
*** FLOP *** [6c Jd 9c]
Yen Rodrguez: bets $0.04
crazyrun: calls $0.04
*** TURN *** [6c Jd 9c] [Ks]
Yen Rodrguez: bets $0.08
crazyrun: folds 
Uncalled bet ($0.08) returned to Yen Rodrguez
Yen Rodrguez collected $0.21 from pot
Yen Rodrguez: doesn't show hand 
*** SUMMARY ***
Total pot $0.22 | Rake $0.01 
Board [6c Jd 9c Ks]
Seat 1: rake23 folded before Flop (didn't bet)
Seat 2: bloody55hawk folded before Flop (didn't bet)
Seat 3: tweetyteewt (button) folded before Flop (didn't bet)
Seat 4: Yen Rodrguez (small blind) collected ($0.21)
Seat 5: Dorex2007 (big blind) folded before Flop
Seat 6: Camezzz folded before Flop (didn't bet)
Seat 7: DBLBLYBSTR folded before Flop (didn't bet)
Seat 9: crazyrun folded on the Turn



PokerStars Hand #232735139966:  Hold'em No Limit ($0.01/$0.02 USD) - 2022/01/01 23:21:58 PT [2022/01/02 2:21:58 ET]
Table 'Spartacus III' 9-max Seat #4 is the button
Seat 1: rake23 ($3.97 in chips) 
Seat 2: bloody55hawk ($0.83 in chips) 
Seat 3: tweetyteewt ($2 in chips) 
Seat 4: Yen Rodrguez ($2.23 in chips) 
Seat 5: Dorex2007 ($2.23 in chips) 
Seat 6: Camezzz ($2 in chips) 
Seat 7: DBLBLYBSTR ($2 in chips) 
Seat 9: crazyrun ($2.10 in chips) 
Dorex2007: posts small blind $0.01
Camezzz: posts big blind $0.02
*** HOLE CARDS ***
Dealt to Dorex2007 [3d Tc]
DBLBLYBSTR: folds 
crazyrun: raises $0.06 to $0.08
rake23: raises $0.16 to $0.24
bloody55hawk: folds 
tweetyteewt: folds 
Yen Rodrguez: folds 
Dorex2007: folds 
Camezzz: folds 
crazyrun: calls $0.16
*** FLOP *** [6c Jh 3s]
crazyrun: checks 
rake23: bets $0.30
crazyrun: folds 
Uncalled bet ($0.30) returned to rake23
rake23 collected $0.49 from pot
rake23: doesn't show hand 
*** SUMMARY ***
Total pot $0.51 | Rake $0.02 
Board [6c Jh 3s]
Seat 1: rake23 collected ($0.49)
Seat 2: bloody55hawk folded before Flop (didn't bet)
Seat 3: tweetyteewt folded before Flop (didn't bet)
Seat 4: Yen Rodrguez (button) folded before Flop (didn't bet)
Seat 5: Dorex2007 (small blind) folded before Flop
Seat 6: Camezzz (big blind) folded before Flop
Seat 7: DBLBLYBSTR folded before Flop (didn't bet)
Seat 9: crazyrun folded on the Flop



PokerStars Hand #232735144382:  Hold'em No Limit ($0.01/$0.02 USD) - 2022/01/01 23:22:27 PT [2022/01/02 2:22:27 ET]
Table 'Spartacus III' 9-max Seat #5 is the button
Seat 1: rake23 ($4.22 in chips) 
Seat 2: bloody55hawk ($0.83 in chips) 
Seat 3: tweetyteewt ($2 in chips) 
Seat 4: Yen Rodrguez ($2.23 in chips) 
Seat 5: Dorex2007 ($2.22 in chips) 
Seat 6: Camezzz ($2 in chips) 
Seat 7: DBLBLYBSTR ($2 in chips) 
Seat 9: crazyrun ($1.86 in chips) 
Camezzz: posts small blind $0.01
DBLBLYBSTR: posts big blind $0.02
*** HOLE CARDS ***
Dealt to Dorex2007 [7d Th]
crazyrun: folds 
rake23: folds 
bloody55hawk: folds 
tweetyteewt: raises $0.02 to $0.04
Yen Rodrguez: folds 
Dorex2007: folds 
Camezzz: folds 
DBLBLYBSTR: calls $0.02
*** FLOP *** [6d 9h 8c]
DBLBLYBSTR: bets $0.09
tweetyteewt: folds 
Uncalled bet ($0.09) returned to DBLBLYBSTR
DBLBLYBSTR collected $0.09 from pot
DBLBLYBSTR: doesn't show hand 
*** SUMMARY ***
Total pot $0.09 | Rake $0 
Board [6d 9h 8c]
Seat 1: rake23 folded before Flop (didn't bet)
Seat 2: bloody55hawk folded before Flop (didn't bet)
Seat 3: tweetyteewt folded on the Flop
Seat 4: Yen Rodrguez folded before Flop (didn't bet)
Seat 5: Dorex2007 (button) folded before Flop (didn't bet)
Seat 6: Camezzz (small blind) folded before Flop
Seat 7: DBLBLYBSTR (big blind) collected ($0.09)
Seat 9: crazyrun folded before Flop (didn't bet)



PokerStars Hand #232735149469:  Hold'em No Limit ($0.01/$0.02 USD) - 2022/01/01 23:23:01 PT [2022/01/02 2:23:01 ET]
Table 'Spartacus III' 9-max Seat #6 is the button
Seat 1: rake23 ($4.22 in chips) 
Seat 2: bloody55hawk ($0.83 in chips) 
Seat 3: tweetyteewt ($2 in chips) 
Seat 4: Yen Rodrguez ($2.23 in chips) 
Seat 5: Dorex2007 ($2.22 in chips) 
Seat 6: Camezzz ($2 in chips) 
Seat 7: DBLBLYBSTR ($2.05 in chips) 
Seat 8: zeppelin707 ($2.06 in chips) 
Seat 9: crazyrun ($1.86 in chips) 
DBLBLYBSTR: posts small blind $0.01
zeppelin707: posts big blind $0.02
*** HOLE CARDS ***
Dealt to Dorex2007 [Qc 4h]
crazyrun: folds 
rake23: folds 
bloody55hawk: raises $0.04 to $0.06
tweetyteewt: folds 
Yen Rodrguez: folds 
Dorex2007: folds 
Camezzz has timed out
Camezzz: folds 
DBLBLYBSTR: folds 
zeppelin707: folds 
Uncalled bet ($0.04) returned to bloody55hawk
bloody55hawk collected $0.05 from pot
bloody55hawk: doesn't show hand 
*** SUMMARY ***
Total pot $0.05 | Rake $0 
Seat 1: rake23 folded before Flop (didn't bet)
Seat 2: bloody55hawk collected ($0.05)
Seat 3: tweetyteewt folded before Flop (didn't bet)
Seat 4: Yen Rodrguez folded before Flop (didn't bet)
Seat 5: Dorex2007 folded before Flop (didn't bet)
Seat 6: Camezzz (button) folded before Flop (didn't bet)
Seat 7: DBLBLYBSTR (small blind) folded before Flop
Seat 8: zeppelin707 (big blind) folded before Flop
Seat 9: crazyrun folded before Flop (didn't bet)



PokerStars Hand #232735153981:  Hold'em No Limit ($0.01/$0.02 USD) - 2022/01/01 23:23:31 PT [2022/01/02 2:23:31 ET]
Table 'Spartacus III' 9-max Seat #7 is the button
Seat 1: rake23 ($4.22 in chips) 
Seat 2: bloody55hawk ($0.86 in chips) 
Seat 3: tweetyteewt ($2 in chips) 
Seat 4: Yen Rodrguez ($2.23 in chips) 
Seat 5: Dorex2007 ($2.22 in chips) 
Seat 7: DBLBLYBSTR ($2.04 in chips) 
Seat 8: zeppelin707 ($2.04 in chips) 
Seat 9: crazyrun ($1.86 in chips) 
zeppelin707: posts small blind $0.01
crazyrun: posts big blind $0.02
*** HOLE CARDS ***
Dealt to Dorex2007 [2s Js]
rake23: folds 
bloody55hawk: folds 
tweetyteewt: folds 
Yen Rodrguez: folds 
Dorex2007: folds 
DBLBLYBSTR: raises $0.05 to $0.07
zeppelin707: folds 
crazyrun: calls $0.05
*** FLOP *** [Kc 8d Qd]
crazyrun: checks 
DBLBLYBSTR: bets $0.14
crazyrun: folds 
Uncalled bet ($0.14) returned to DBLBLYBSTR
DBLBLYBSTR collected $0.14 from pot
DBLBLYBSTR: doesn't show hand 
*** SUMMARY ***
Total pot $0.15 | Rake $0.01 
Board [Kc 8d Qd]
Seat 1: rake23 folded before Flop (didn't bet)
Seat 2: bloody55hawk folded before Flop (didn't bet)
Seat 3: tweetyteewt folded before Flop (didn't bet)
Seat 4: Yen Rodrguez folded before Flop (didn't bet)
Seat 5: Dorex2007 folded before Flop (didn't bet)
Seat 7: DBLBLYBSTR (button) collected ($0.14)
Seat 8: zeppelin707 (small blind) folded before Flop
Seat 9: crazyrun (big blind) folded on the Flop



PokerStars Hand #232735158144:  Hold'em No Limit ($0.01/$0.02 USD) - 2022/01/01 23:23:58 PT [2022/01/02 2:23:58 ET]
Table 'Spartacus III' 9-max Seat #8 is the button
Seat 1: rake23 ($4.22 in chips) 
Seat 2: bloody55hawk ($0.86 in chips) 
Seat 3: tweetyteewt ($2 in chips) 
Seat 4: Yen Rodrguez ($2.23 in chips) 
Seat 5: Dorex2007 ($2.22 in chips) 
Seat 6: Camezzz ($2 in chips) 
Seat 7: DBLBLYBSTR ($2.11 in chips) 
Seat 8: zeppelin707 ($2.03 in chips) 
Seat 9: crazyrun ($1.79 in chips) 
crazyrun: posts small blind $0.01
rake23: posts big blind $0.02
*** HOLE CARDS ***
Dealt to Dorex2007 [2h 8d]
bloody55hawk: raises $0.84 to $0.86 and is all-in
tweetyteewt: folds 
Yen Rodrguez: folds 
Dorex2007: folds 
Camezzz: folds 
DBLBLYBSTR: folds 
zeppelin707: folds 
crazyrun: folds 
rake23: folds 
Uncalled bet ($0.84) returned to bloody55hawk
bloody55hawk collected $0.05 from pot
bloody55hawk: doesn't show hand 
*** SUMMARY ***
Total pot $0.05 | Rake $0 
Seat 1: rake23 (big blind) folded before Flop
Seat 2: bloody55hawk collected ($0.05)
Seat 3: tweetyteewt folded before Flop (didn't bet)
Seat 4: Yen Rodrguez folded before Flop (didn't bet)
Seat 5: Dorex2007 folded before Flop (didn't bet)
Seat 6: Camezzz folded before Flop (didn't bet)
Seat 7: DBLBLYBSTR folded before Flop (didn't bet)
Seat 8: zeppelin707 (button) folded before Flop (didn't bet)
Seat 9: crazyrun (small blind) folded before Flop



PokerStars Hand #232735161503:  Hold'em No Limit ($0.01/$0.02 USD) - 2022/01/01 23:24:21 PT [2022/01/02 2:24:21 ET]
Table 'Spartacus III' 9-max Seat #9 is the button
Seat 1: rake23 ($4.20 in chips) 
Seat 3: tweetyteewt ($2 in chips) 
Seat 4: Yen Rodrguez ($2.23 in chips) 
Seat 5: Dorex2007 ($2.22 in chips) 
Seat 6: Camezzz ($2 in chips) 
Seat 7: DBLBLYBSTR ($2.11 in chips) 
Seat 8: zeppelin707 ($2.03 in chips) 
Seat 9: crazyrun ($1.99 in chips) 
rake23: posts small blind $0.01
bloody55hawk: is sitting out 
tweetyteewt: posts big blind $0.02
*** HOLE CARDS ***
Dealt to Dorex2007 [Ac 6c]
Yen Rodrguez has timed out
Yen Rodrguez: folds 
Dorex2007: folds 
Camezzz: folds 
DBLBLYBSTR: raises $0.14 to $0.16
zeppelin707: folds 
crazyrun: calls $0.16
rake23: folds 
tweetyteewt: folds 
*** FLOP *** [9h 4s Th]
DBLBLYBSTR: bets $1.95 and is all-in
crazyrun: calls $1.83 and is all-in
Uncalled bet ($0.12) returned to DBLBLYBSTR
*** TURN *** [9h 4s Th] [5h]
*** RIVER *** [9h 4s Th 5h] [Qs]
*** SHOW DOWN ***
DBLBLYBSTR: shows [Jh 7h] (a flush, Jack high)
crazyrun: shows [Ad Tc] (a pair of Tens)
DBLBLYBSTR collected $3.87 from pot
*** SUMMARY ***
Total pot $4.01 | Rake $0.14 
Board [9h 4s Th 5h Qs]
Seat 1: rake23 (small blind) folded before Flop
Seat 3: tweetyteewt (big blind) folded before Flop
Seat 4: Yen Rodrguez folded before Flop (didn't bet)
Seat 5: Dorex2007 folded before Flop (didn't bet)
Seat 6: Camezzz folded before Flop (didn't bet)
Seat 7: DBLBLYBSTR showed [Jh 7h] and won ($3.87) with a flush, Jack high
Seat 8: zeppelin707 folded before Flop (didn't bet)
Seat 9: crazyrun (button) showed [Ad Tc] and lost with a pair of Tens



PokerStars Hand #232735177580:  Hold'em No Limit ($0.01/$0.02 USD) - 2022/01/01 23:25:20 PT [2022/01/02 2:25:20 ET]
Table 'Spartacus III' 9-max Seat #1 is the button
Seat 1: rake23 ($4.19 in chips) 
Seat 3: tweetyteewt ($2 in chips) 
Seat 4: Yen Rodrguez ($2.23 in chips) 
Seat 5: Dorex2007 ($2.22 in chips) 
Seat 6: Camezzz ($2 in chips) 
Seat 7: DBLBLYBSTR ($3.99 in chips) 
Seat 8: zeppelin707 ($2.03 in chips) 
tweetyteewt: posts small blind $0.01
Yen Rodrguez: posts big blind $0.02
*** HOLE CARDS ***
Dealt to Dorex2007 [6h 3h]
Dorex2007: folds 
Camezzz has timed out
Camezzz: folds 
DBLBLYBSTR: raises $0.05 to $0.07
zeppelin707: folds 
rake23: folds 
tweetyteewt: folds 
Yen Rodrguez: folds 
Uncalled bet ($0.05) returned to DBLBLYBSTR
DBLBLYBSTR collected $0.05 from pot
DBLBLYBSTR: doesn't show hand 
*** SUMMARY ***
Total pot $0.05 | Rake $0 
Seat 1: rake23 (button) folded before Flop (didn't bet)
Seat 3: tweetyteewt (small blind) folded before Flop
Seat 4: Yen Rodrguez (big blind) folded before Flop
Seat 5: Dorex2007 folded before Flop (didn't bet)
Seat 6: Camezzz folded before Flop (didn't bet)
Seat 7: DBLBLYBSTR collected ($0.05)
Seat 8: zeppelin707 folded before Flop (didn't bet)



PokerStars Hand #232735182436:  Hold'em No Limit ($0.01/$0.02 USD) - 2022/01/01 23:25:51 PT [2022/01/02 2:25:51 ET]
Table 'Spartacus III' 9-max Seat #3 is the button
Seat 1: rake23 ($4.19 in chips) 
Seat 3: tweetyteewt ($2 in chips) 
Seat 4: Yen Rodrguez ($2.21 in chips) 
Seat 5: Dorex2007 ($2.22 in chips) 
Seat 7: DBLBLYBSTR ($4.02 in chips) 
Seat 8: zeppelin707 ($2.03 in chips) 
Seat 9: crazyrun ($2 in chips) 
Yen Rodrguez: posts small blind $0.01
Dorex2007: posts big blind $0.02
*** HOLE CARDS ***
Dealt to Dorex2007 [Qh 3d]
DBLBLYBSTR: calls $0.02
zeppelin707: folds 
crazyrun: folds 
rake23: folds 
tweetyteewt: folds 
Yen Rodrguez: calls $0.01
Dorex2007: checks 
*** FLOP *** [Tc 9d Jh]
Yen Rodrguez: bets $0.02
Dorex2007: folds 
DBLBLYBSTR: calls $0.02
*** TURN *** [Tc 9d Jh] [Kd]
Yen Rodrguez: bets $0.04
DBLBLYBSTR: raises $0.09 to $0.13
Yen Rodrguez: folds 
Uncalled bet ($0.09) returned to DBLBLYBSTR
DBLBLYBSTR collected $0.17 from pot
DBLBLYBSTR: doesn't show hand 
*** SUMMARY ***
Total pot $0.18 | Rake $0.01 
Board [Tc 9d Jh Kd]
Seat 1: rake23 folded before Flop (didn't bet)
Seat 3: tweetyteewt (button) folded before Flop (didn't bet)
Seat 4: Yen Rodrguez (small blind) folded on the Turn
Seat 5: Dorex2007 (big blind) folded on the Flop
Seat 7: DBLBLYBSTR collected ($0.17)
Seat 8: zeppelin707 folded before Flop (didn't bet)
Seat 9: crazyrun folded before Flop (didn't bet)



PokerStars Hand #232735189897:  Hold'em No Limit ($0.01/$0.02 USD) - 2022/01/01 23:26:40 PT [2022/01/02 2:26:40 ET]
Table 'Spartacus III' 9-max Seat #4 is the button
Seat 1: rake23 ($4.19 in chips) 
Seat 3: tweetyteewt ($2 in chips) 
Seat 4: Yen Rodrguez ($2.13 in chips) 
Seat 5: Dorex2007 ($2.20 in chips) 
Seat 6: Camezzz ($2 in chips) 
Seat 7: DBLBLYBSTR ($4.11 in chips) 
Seat 8: zeppelin707 ($2.03 in chips) 
Seat 9: crazyrun ($2 in chips) 
Dorex2007: posts small blind $0.01
Camezzz: posts big blind $0.02
bloody55hawk: sits out 
*** HOLE CARDS ***
Dealt to Dorex2007 [7h Qc]
DBLBLYBSTR: folds 
zeppelin707: folds 
crazyrun: folds 
rake23: folds 
tweetyteewt: folds 
Yen Rodrguez: calls $0.02
Dorex2007: folds 
Camezzz: raises $0.06 to $0.08
Yen Rodrguez: folds 
Uncalled bet ($0.06) returned to Camezzz
Camezzz collected $0.05 from pot
Camezzz: doesn't show hand 
*** SUMMARY ***
Total pot $0.05 | Rake $0 
Seat 1: rake23 folded before Flop (didn't bet)
Seat 3: tweetyteewt folded before Flop (didn't bet)
Seat 4: Yen Rodrguez (button) folded before Flop
Seat 5: Dorex2007 (small blind) folded before Flop
Seat 6: Camezzz (big blind) collected ($0.05)
Seat 7: DBLBLYBSTR folded before Flop (didn't bet)
Seat 8: zeppelin707 folded before Flop (didn't bet)
Seat 9: crazyrun folded before Flop (didn't bet)



PokerStars Hand #232735194552:  Hold'em No Limit ($0.01/$0.02 USD) - 2022/01/01 23:27:10 PT [2022/01/02 2:27:10 ET]
Table 'Spartacus III' 9-max Seat #5 is the button
Seat 1: rake23 ($4.19 in chips) 
Seat 3: tweetyteewt ($2 in chips) 
Seat 4: Yen Rodrguez ($2.11 in chips) 
Seat 5: Dorex2007 ($2.19 in chips) 
Seat 6: Camezzz ($2.03 in chips) 
Seat 7: DBLBLYBSTR ($4.11 in chips) 
Seat 8: zeppelin707 ($2.03 in chips) 
Seat 9: crazyrun ($2 in chips) 
Camezzz: posts small blind $0.01
DBLBLYBSTR: posts big blind $0.02
bloody55hawk: sits out 
*** HOLE CARDS ***
Dealt to Dorex2007 [Qs 7c]
zeppelin707: folds 
crazyrun: folds 
rake23: folds 
tweetyteewt: raises $0.02 to $0.04
Yen Rodrguez: folds 
Dorex2007: folds 
Camezzz: folds 
DBLBLYBSTR: folds 
Uncalled bet ($0.02) returned to tweetyteewt
tweetyteewt collected $0.05 from pot
tweetyteewt: doesn't show hand 
*** SUMMARY ***
Total pot $0.05 | Rake $0 
Seat 1: rake23 folded before Flop (didn't bet)
Seat 3: tweetyteewt collected ($0.05)
Seat 4: Yen Rodrguez folded before Flop (didn't bet)
Seat 5: Dorex2007 (button) folded before Flop (didn't bet)
Seat 6: Camezzz (small blind) folded before Flop
Seat 7: DBLBLYBSTR (big blind) folded before Flop
Seat 8: zeppelin707 folded before Flop (didn't bet)
Seat 9: crazyrun folded before Flop (didn't bet)



PokerStars Hand #232735197426:  Hold'em No Limit ($0.01/$0.02 USD) - 2022/01/01 23:27:29 PT [2022/01/02 2:27:29 ET]
Table 'Spartacus III' 9-max Seat #6 is the button
Seat 1: rake23 ($4.19 in chips) 
Seat 3: tweetyteewt ($2.03 in chips) 
Seat 4: Yen Rodrguez ($2.11 in chips) 
Seat 5: Dorex2007 ($2.19 in chips) 
Seat 6: Camezzz ($2.02 in chips) 
Seat 7: DBLBLYBSTR ($4.09 in chips) 
Seat 8: zeppelin707 ($2.03 in chips) 
Seat 9: crazyrun ($2 in chips) 
DBLBLYBSTR: posts small blind $0.01
zeppelin707: posts big blind $0.02
bloody55hawk: sits out 
*** HOLE CARDS ***
Dealt to Dorex2007 [7h 3s]
crazyrun: folds 
rake23: folds 
tweetyteewt: folds 
Yen Rodrguez: folds 
Dorex2007: folds 
Camezzz: folds 
DBLBLYBSTR: raises $0.04 to $0.06
zeppelin707: folds 
Uncalled bet ($0.04) returned to DBLBLYBSTR
DBLBLYBSTR collected $0.04 from pot
DBLBLYBSTR: doesn't show hand 
*** SUMMARY ***
Total pot $0.04 | Rake $0 
Seat 1: rake23 folded before Flop (didn't bet)
Seat 3: tweetyteewt folded before Flop (didn't bet)
Seat 4: Yen Rodrguez folded before Flop (didn't bet)
Seat 5: Dorex2007 folded before Flop (didn't bet)
Seat 6: Camezzz (button) folded before Flop (didn't bet)
Seat 7: DBLBLYBSTR (small blind) collected ($0.04)
Seat 8: zeppelin707 (big blind) folded before Flop
Seat 9: crazyrun folded before Flop (didn't bet)



PokerStars Hand #232735202479:  Hold'em No Limit ($0.01/$0.02 USD) - 2022/01/01 23:27:47 PT [2022/01/02 2:27:47 ET]
Table 'Spartacus III' 9-max Seat #7 is the button
Seat 1: rake23 ($4.19 in chips) 
Seat 3: tweetyteewt ($2.03 in chips) 
Seat 4: Yen Rodrguez ($2.11 in chips) 
Seat 5: Dorex2007 ($2.19 in chips) 
Seat 6: Camezzz ($2.02 in chips) 
Seat 7: DBLBLYBSTR ($4.11 in chips) 
Seat 8: zeppelin707 ($2.01 in chips) 
Seat 9: crazyrun ($2 in chips) 
zeppelin707: posts small blind $0.01
crazyrun: posts big blind $0.02
bloody55hawk: sits out 
*** HOLE CARDS ***
Dealt to Dorex2007 [Ah 8c]
rake23: folds 
tweetyteewt: folds 
Yen Rodrguez: calls $0.02
Dorex2007: folds 
Camezzz: folds 
DBLBLYBSTR: calls $0.02
zeppelin707: folds 
crazyrun: checks 
*** FLOP *** [3c Kh Tc]
crazyrun: checks 
Yen Rodrguez: checks 
DBLBLYBSTR: bets $0.07
crazyrun: folds 
Yen Rodrguez: calls $0.07
*** TURN *** [3c Kh Tc] [Qh]
Yen Rodrguez: checks 
DBLBLYBSTR: bets $0.10
Yen Rodrguez: calls $0.10
*** RIVER *** [3c Kh Tc Qh] [3h]
Yen Rodrguez: checks 
DBLBLYBSTR: bets $0.40
Yen Rodrguez: folds 
Uncalled bet ($0.40) returned to DBLBLYBSTR
DBLBLYBSTR collected $0.40 from pot
DBLBLYBSTR: doesn't show hand 
*** SUMMARY ***
Total pot $0.41 | Rake $0.01 
Board [3c Kh Tc Qh 3h]
Seat 1: rake23 folded before Flop (didn't bet)
Seat 3: tweetyteewt folded before Flop (didn't bet)
Seat 4: Yen Rodrguez folded on the River
Seat 5: Dorex2007 folded before Flop (didn't bet)
Seat 6: Camezzz folded before Flop (didn't bet)
Seat 7: DBLBLYBSTR (button) collected ($0.40)
Seat 8: zeppelin707 (small blind) folded before Flop
Seat 9: crazyrun (big blind) folded on the Flop



PokerStars Hand #232735214648:  Hold'em No Limit ($0.01/$0.02 USD) - 2022/01/01 23:29:07 PT [2022/01/02 2:29:07 ET]
Table 'Spartacus III' 9-max Seat #8 is the button
Seat 1: rake23 ($4.19 in chips) 
Seat 3: tweetyteewt ($2.03 in chips) 
Seat 4: Yen Rodrguez ($1.92 in chips) 
Seat 5: Dorex2007 ($2.19 in chips) 
Seat 6: Camezzz ($2.02 in chips) 
Seat 7: DBLBLYBSTR ($4.32 in chips) 
Seat 8: zeppelin707 ($2 in chips) 
Seat 9: crazyrun ($1.98 in chips) 
crazyrun: posts small blind $0.01
rake23: posts big blind $0.02
bloody55hawk: sits out 
*** HOLE CARDS ***
Dealt to Dorex2007 [5d Tc]
tweetyteewt: folds 
Yen Rodrguez: folds 
Dorex2007: folds 
Camezzz: folds 
DBLBLYBSTR: folds 
zeppelin707: folds 
crazyrun: raises $0.04 to $0.06
rake23: calls $0.04
*** FLOP *** [Ah 5h Ks]
crazyrun: bets $0.10
rake23: calls $0.10
*** TURN *** [Ah 5h Ks] [Js]
crazyrun: bets $0.22
rake23: folds 
Uncalled bet ($0.22) returned to crazyrun
crazyrun collected $0.31 from pot
crazyrun: doesn't show hand 
*** SUMMARY ***
Total pot $0.32 | Rake $0.01 
Board [Ah 5h Ks Js]
Seat 1: rake23 (big blind) folded on the Turn
Seat 3: tweetyteewt folded before Flop (didn't bet)
Seat 4: Yen Rodrguez folded before Flop (didn't bet)
Seat 5: Dorex2007 folded before Flop (didn't bet)
Seat 6: Camezzz folded before Flop (didn't bet)
Seat 7: DBLBLYBSTR folded before Flop (didn't bet)
Seat 8: zeppelin707 (button) folded before Flop (didn't bet)
Seat 9: crazyrun (small blind) collected ($0.31)



PokerStars Hand #232735220392:  Hold'em No Limit ($0.01/$0.02 USD) - 2022/01/01 23:29:45 PT [2022/01/02 2:29:45 ET]
Table 'Spartacus III' 9-max Seat #9 is the button
Seat 1: rake23 ($4.03 in chips) 
Seat 2: bloody55hawk ($0.89 in chips) 
Seat 3: tweetyteewt ($2.03 in chips) 
Seat 4: Yen Rodrguez ($1.92 in chips) 
Seat 5: Dorex2007 ($2.19 in chips) 
Seat 6: Camezzz ($2.02 in chips) 
Seat 7: DBLBLYBSTR ($4.32 in chips) 
Seat 8: zeppelin707 ($2 in chips) 
Seat 9: crazyrun ($2.13 in chips) 
rake23: posts small blind $0.01
bloody55hawk: posts big blind $0.02
*** HOLE CARDS ***
Dealt to Dorex2007 [6d Ad]
tweetyteewt: folds 
Yen Rodrguez: calls $0.02
Dorex2007: calls $0.02
Camezzz: folds 
DBLBLYBSTR: folds 
zeppelin707: folds 
crazyrun: folds 
rake23: calls $0.01
bloody55hawk: checks 
*** FLOP *** [4h 5h 5d]
rake23: checks 
bloody55hawk: checks 
Yen Rodrguez: checks 
Dorex2007: checks 
*** TURN *** [4h 5h 5d] [Ks]
rake23: checks 
bloody55hawk: checks 
Yen Rodrguez: checks 
Dorex2007: bets $0.04
rake23: calls $0.04
bloody55hawk: folds 
Yen Rodrguez: raises $0.04 to $0.08
Dorex2007: folds 
rake23: calls $0.04
*** RIVER *** [4h 5h 5d Ks] [3h]
rake23: checks 
Yen Rodrguez: bets $0.08
rake23: calls $0.08
*** SHOW DOWN ***
Yen Rodrguez: shows [As 5s] (three of a kind, Fives)
rake23: mucks hand 
Yen Rodrguez collected $0.42 from pot
*** SUMMARY ***
Total pot $0.44 | Rake $0.02 
Board [4h 5h 5d Ks 3h]
Seat 1: rake23 (small blind) mucked [Kd Qc]
Seat 2: bloody55hawk (big blind) folded on the Turn
Seat 3: tweetyteewt folded before Flop (didn't bet)
Seat 4: Yen Rodrguez showed [As 5s] and won ($0.42) with three of a kind, Fives
Seat 5: Dorex2007 folded on the Turn
Seat 6: Camezzz folded before Flop (didn't bet)
Seat 7: DBLBLYBSTR folded before Flop (didn't bet)
Seat 8: zeppelin707 folded before Flop (didn't bet)
Seat 9: crazyrun (button) folded before Flop (didn't bet)



PokerStars Hand #232735230685:  Hold'em No Limit ($0.01/$0.02 USD) - 2022/01/01 23:30:51 PT [2022/01/02 2:30:51 ET]
Table 'Spartacus III' 9-max Seat #1 is the button
Seat 1: rake23 ($3.85 in chips) 
Seat 2: bloody55hawk ($0.87 in chips) 
Seat 3: tweetyteewt ($2.03 in chips) 
Seat 4: Yen Rodrguez ($2.16 in chips) 
Seat 5: Dorex2007 ($2.13 in chips) 
Seat 6: Camezzz ($2.02 in chips) 
Seat 7: DBLBLYBSTR ($4.32 in chips) 
Seat 8: zeppelin707 ($2 in chips) 
Seat 9: crazyrun ($2.13 in chips) 
bloody55hawk: posts small blind $0.01
tweetyteewt: posts big blind $0.02
*** HOLE CARDS ***
Dealt to Dorex2007 [Kc 9h]
Yen Rodrguez: raises $0.04 to $0.06
Dorex2007: folds 
Camezzz: folds 
DBLBLYBSTR: folds 
zeppelin707: folds 
crazyrun: folds 
rake23: folds 
bloody55hawk: folds 
tweetyteewt: folds 
Uncalled bet ($0.04) returned to Yen Rodrguez
Yen Rodrguez collected $0.05 from pot
Yen Rodrguez: doesn't show hand 
*** SUMMARY ***
Total pot $0.05 | Rake $0 
Seat 1: rake23 (button) folded before Flop (didn't bet)
Seat 2: bloody55hawk (small blind) folded before Flop
Seat 3: tweetyteewt (big blind) folded before Flop
Seat 4: Yen Rodrguez collected ($0.05)
Seat 5: Dorex2007 folded before Flop (didn't bet)
Seat 6: Camezzz folded before Flop (didn't bet)
Seat 7: DBLBLYBSTR folded before Flop (didn't bet)
Seat 8: zeppelin707 folded before Flop (didn't bet)
Seat 9: crazyrun folded before Flop (didn't bet)



PokerStars Hand #232735233861:  Hold'em No Limit ($0.01/$0.02 USD) - 2022/01/01 23:31:13 PT [2022/01/02 2:31:13 ET]
Table 'Spartacus III' 9-max Seat #2 is the button
Seat 1: rake23 ($3.85 in chips) 
Seat 2: bloody55hawk ($0.86 in chips) 
Seat 3: tweetyteewt ($2.01 in chips) 
Seat 4: Yen Rodrguez ($2.19 in chips) 
Seat 5: Dorex2007 ($2.13 in chips) 
Seat 6: Camezzz ($2.02 in chips) 
Seat 7: DBLBLYBSTR ($4.32 in chips) 
Seat 8: zeppelin707 ($2 in chips) 
Seat 9: crazyrun ($2.13 in chips) 
tweetyteewt: posts small blind $0.01
Yen Rodrguez: posts big blind $0.02
*** HOLE CARDS ***
Dealt to Dorex2007 [5h Qd]
Dorex2007: folds 
Camezzz: folds 
DBLBLYBSTR: folds 
zeppelin707: calls $0.02
crazyrun: raises $0.08 to $0.10
rake23: folds 
bloody55hawk: folds 
tweetyteewt: folds 
Yen Rodrguez: folds 
zeppelin707: folds 
Uncalled bet ($0.08) returned to crazyrun
crazyrun collected $0.07 from pot
crazyrun: doesn't show hand 
*** SUMMARY ***
Total pot $0.07 | Rake $0 
Seat 1: rake23 folded before Flop (didn't bet)
Seat 2: bloody55hawk (button) folded before Flop (didn't bet)
Seat 3: tweetyteewt (small blind) folded before Flop
Seat 4: Yen Rodrguez (big blind) folded before Flop
Seat 5: Dorex2007 folded before Flop (didn't bet)
Seat 6: Camezzz folded before Flop (didn't bet)
Seat 7: DBLBLYBSTR folded before Flop (didn't bet)
Seat 8: zeppelin707 folded before Flop
Seat 9: crazyrun collected ($0.07)



PokerStars Hand #232735237259:  Hold'em No Limit ($0.01/$0.02 USD) - 2022/01/01 23:31:35 PT [2022/01/02 2:31:35 ET]
Table 'Spartacus III' 9-max Seat #3 is the button
Seat 1: rake23 ($3.85 in chips) 
Seat 2: bloody55hawk ($0.86 in chips) 
Seat 3: tweetyteewt ($2 in chips) 
Seat 4: Yen Rodrguez ($2.17 in chips) 
Seat 5: Dorex2007 ($2.13 in chips) 
Seat 6: Camezzz ($2.02 in chips) 
Seat 7: DBLBLYBSTR ($4.32 in chips) 
Seat 8: zeppelin707 ($1.98 in chips) 
Seat 9: crazyrun ($2.18 in chips) 
Yen Rodrguez: posts small blind $0.01
Dorex2007: posts big blind $0.02
*** HOLE CARDS ***
Dealt to Dorex2007 [9s Qs]
Camezzz: folds 
DBLBLYBSTR: folds 
zeppelin707: calls $0.02
crazyrun: folds 
rake23: folds 
bloody55hawk: raises $0.08 to $0.10
tweetyteewt: folds 
Yen Rodrguez: folds 
Dorex2007: folds 
zeppelin707: folds 
Uncalled bet ($0.08) returned to bloody55hawk
bloody55hawk collected $0.07 from pot
bloody55hawk: doesn't show hand 
*** SUMMARY ***
Total pot $0.07 | Rake $0 
Seat 1: rake23 folded before Flop (didn't bet)
Seat 2: bloody55hawk collected ($0.07)
Seat 3: tweetyteewt (button) folded before Flop (didn't bet)
Seat 4: Yen Rodrguez (small blind) folded before Flop
Seat 5: Dorex2007 (big blind) folded before Flop
Seat 6: Camezzz folded before Flop (didn't bet)
Seat 7: DBLBLYBSTR folded before Flop (didn't bet)
Seat 8: zeppelin707 folded before Flop
Seat 9: crazyrun folded before Flop (didn't bet)



PokerStars Hand #232735240910:  Hold'em No Limit ($0.01/$0.02 USD) - 2022/01/01 23:31:59 PT [2022/01/02 2:31:59 ET]
Table 'Spartacus III' 9-max Seat #4 is the button
Seat 1: rake23 ($3.85 in chips) 
Seat 2: bloody55hawk ($0.91 in chips) 
Seat 3: tweetyteewt ($2 in chips) 
Seat 4: Yen Rodrguez ($2.16 in chips) 
Seat 5: Dorex2007 ($2.11 in chips) 
Seat 6: Camezzz ($2.02 in chips) 
Seat 7: DBLBLYBSTR ($4.32 in chips) 
Seat 8: zeppelin707 ($1.96 in chips) 
Seat 9: crazyrun ($2.18 in chips) 
Dorex2007: posts small blind $0.01
Camezzz: posts big blind $0.02
*** HOLE CARDS ***
Dealt to Dorex2007 [Qc 9h]
DBLBLYBSTR: folds 
zeppelin707: folds 
crazyrun: folds 
rake23: folds 
bloody55hawk: folds 
tweetyteewt: folds 
Yen Rodrguez: folds 
Dorex2007: folds 
Uncalled bet ($0.01) returned to Camezzz
Camezzz collected $0.02 from pot
Camezzz: doesn't show hand 
*** SUMMARY ***
Total pot $0.02 | Rake $0 
Seat 1: rake23 folded before Flop (didn't bet)
Seat 2: bloody55hawk folded before Flop (didn't bet)
Seat 3: tweetyteewt folded before Flop (didn't bet)
Seat 4: Yen Rodrguez (button) folded before Flop (didn't bet)
Seat 5: Dorex2007 (small blind) folded before Flop
Seat 6: Camezzz (big blind) collected ($0.02)
Seat 7: DBLBLYBSTR folded before Flop (didn't bet)
Seat 8: zeppelin707 folded before Flop (didn't bet)
Seat 9: crazyrun folded before Flop (didn't bet)



PokerStars Hand #232735242683:  Hold'em No Limit ($0.01/$0.02 USD) - 2022/01/01 23:32:11 PT [2022/01/02 2:32:11 ET]
Table 'Spartacus III' 9-max Seat #5 is the button
Seat 1: rake23 ($3.85 in chips) 
Seat 2: bloody55hawk ($0.91 in chips) 
Seat 3: tweetyteewt ($2 in chips) 
Seat 4: Yen Rodrguez ($2.16 in chips) 
Seat 5: Dorex2007 ($2.10 in chips) 
Seat 6: Camezzz ($2.03 in chips) 
Seat 7: DBLBLYBSTR ($4.32 in chips) 
Seat 8: zeppelin707 ($1.96 in chips) 
Seat 9: crazyrun ($2.18 in chips) 
Camezzz: posts small blind $0.01
DBLBLYBSTR: posts big blind $0.02
*** HOLE CARDS ***
Dealt to Dorex2007 [Qh 8d]
zeppelin707: folds 
crazyrun: folds 
rake23: folds 
bloody55hawk: folds 
tweetyteewt: raises $0.02 to $0.04
Yen Rodrguez: folds 
Dorex2007: folds 
Camezzz: folds 
DBLBLYBSTR: raises $0.09 to $0.13
tweetyteewt: raises $0.27 to $0.40
DBLBLYBSTR: folds 
Uncalled bet ($0.27) returned to tweetyteewt
tweetyteewt collected $0.27 from pot
tweetyteewt: doesn't show hand 
*** SUMMARY ***
Total pot $0.27 | Rake $0 
Seat 1: rake23 folded before Flop (didn't bet)
Seat 2: bloody55hawk folded before Flop (didn't bet)
Seat 3: tweetyteewt collected ($0.27)
Seat 4: Yen Rodrguez folded before Flop (didn't bet)
Seat 5: Dorex2007 (button) folded before Flop (didn't bet)
Seat 6: Camezzz (small blind) folded before Flop
Seat 7: DBLBLYBSTR (big blind) folded before Flop
Seat 8: zeppelin707 folded before Flop (didn't bet)
Seat 9: crazyrun folded before Flop (didn't bet)



PokerStars Hand #232735254937:  Hold'em No Limit ($0.01/$0.02 USD) - 2022/01/01 23:32:55 PT [2022/01/02 2:32:55 ET]
Table 'Spartacus III' 9-max Seat #6 is the button
Seat 1: rake23 ($3.85 in chips) 
Seat 2: bloody55hawk ($0.91 in chips) 
Seat 3: tweetyteewt ($2.14 in chips) 
Seat 4: Yen Rodrguez ($2.16 in chips) 
Seat 5: Dorex2007 ($2.10 in chips) 
Seat 6: Camezzz ($2.02 in chips) 
Seat 7: DBLBLYBSTR ($4.19 in chips) 
Seat 8: zeppelin707 ($1.96 in chips) 
Seat 9: crazyrun ($2.18 in chips) 
DBLBLYBSTR: posts small blind $0.01
zeppelin707: posts big blind $0.02
*** HOLE CARDS ***
Dealt to Dorex2007 [4c Kd]
crazyrun: folds 
rake23: folds 
bloody55hawk: raises $0.89 to $0.91 and is all-in
tweetyteewt: folds 
Yen Rodrguez: calls $0.91
Dorex2007: folds 
Camezzz: folds 
DBLBLYBSTR: folds 
zeppelin707: folds 
*** FLOP *** [6d 2d 2s]
*** TURN *** [6d 2d 2s] [6s]
*** RIVER *** [6d 2d 2s 6s] [Tc]
*** SHOW DOWN ***
bloody55hawk: shows [Kc Ac] (two pair, Sixes and Deuces)
Yen Rodrguez: shows [Ks Kh] (two pair, Kings and Sixes)
bloody55hawk cashed out the hand for $0.61 | Cash Out Fee $0.01
Yen Rodrguez cashed out the hand for $1.16 | Cash Out Fee $0.01
*** SUMMARY ***
Total pot $1.85 | Rake $0.06 
Board [6d 2d 2s 6s Tc]
Seat 1: rake23 folded before Flop (didn't bet)
Seat 2: bloody55hawk showed [Kc Ac] and lost with two pair, Sixes and Deuces (cashed out).
Seat 3: tweetyteewt folded before Flop (didn't bet)
Seat 4: Yen Rodrguez showed [Ks Kh] and won ($1.79) with two pair, Kings and Sixes (pot not awarded as player cashed out)
Seat 5: Dorex2007 folded before Flop (didn't bet)
Seat 6: Camezzz (button) folded before Flop (didn't bet)
Seat 7: DBLBLYBSTR (small blind) folded before Flop
Seat 8: zeppelin707 (big blind) folded before Flop
Seat 9: crazyrun folded before Flop (didn't bet)



PokerStars Hand #232735260403:  Hold'em No Limit ($0.01/$0.02 USD) - 2022/01/01 23:33:30 PT [2022/01/02 2:33:30 ET]
Table 'Spartacus III' 9-max Seat #7 is the button
Seat 1: rake23 ($3.85 in chips) 
Seat 2: bloody55hawk ($0.80 in chips) 
Seat 3: tweetyteewt ($2.14 in chips) 
Seat 4: Yen Rodrguez ($2.41 in chips) 
Seat 5: Dorex2007 ($2.10 in chips) 
Seat 6: Camezzz ($2.02 in chips) 
Seat 7: DBLBLYBSTR ($4.18 in chips) 
Seat 8: zeppelin707 ($1.94 in chips) 
Seat 9: crazyrun ($2.18 in chips) 
zeppelin707: posts small blind $0.01
crazyrun: posts big blind $0.02
*** HOLE CARDS ***
Dealt to Dorex2007 [Th 4h]
rake23: folds 
bloody55hawk: folds 
tweetyteewt: folds 
Yen Rodrguez: calls $0.02
Dorex2007: folds 
Camezzz: folds 
DBLBLYBSTR: folds 
zeppelin707: calls $0.01
crazyrun: checks 
*** FLOP *** [6s 5d Js]
zeppelin707: checks 
crazyrun: checks 
Yen Rodrguez: checks 
*** TURN *** [6s 5d Js] [6d]
zeppelin707: bets $0.06
crazyrun: folds 
Yen Rodrguez: calls $0.06
*** RIVER *** [6s 5d Js 6d] [Ac]
zeppelin707: bets $1.86 and is all-in
Yen Rodrguez: folds 
Uncalled bet ($1.86) returned to zeppelin707
zeppelin707 collected $0.17 from pot
*** SUMMARY ***
Total pot $0.18 | Rake $0.01 
Board [6s 5d Js 6d Ac]
Seat 1: rake23 folded before Flop (didn't bet)
Seat 2: bloody55hawk folded before Flop (didn't bet)
Seat 3: tweetyteewt folded before Flop (didn't bet)
Seat 4: Yen Rodrguez folded on the River
Seat 5: Dorex2007 folded before Flop (didn't bet)
Seat 6: Camezzz folded before Flop (didn't bet)
Seat 7: DBLBLYBSTR (button) folded before Flop (didn't bet)
Seat 8: zeppelin707 (small blind) collected ($0.17)
Seat 9: crazyrun (big blind) folded on the Turn



PokerStars Hand #232735268513:  Hold'em No Limit ($0.01/$0.02 USD) - 2022/01/01 23:34:22 PT [2022/01/02 2:34:22 ET]
Table 'Spartacus III' 9-max Seat #8 is the button
Seat 1: rake23 ($3.85 in chips) 
Seat 2: bloody55hawk ($0.80 in chips) 
Seat 3: tweetyteewt ($2.14 in chips) 
Seat 4: Yen Rodrguez ($2.33 in chips) 
Seat 5: Dorex2007 ($2.10 in chips) 
Seat 6: Camezzz ($2.02 in chips) 
Seat 7: DBLBLYBSTR ($4.18 in chips) 
Seat 8: zeppelin707 ($2.03 in chips) 
Seat 9: crazyrun ($2.16 in chips) 
crazyrun: posts small blind $0.01
rake23: posts big blind $0.02
*** HOLE CARDS ***
Dealt to Dorex2007 [Jd Td]
bloody55hawk: folds 
tweetyteewt: raises $0.02 to $0.04
Yen Rodrguez: calls $0.04
Dorex2007: folds 
Camezzz: folds 
DBLBLYBSTR: folds 
zeppelin707: calls $0.04
crazyrun: folds 
rake23: calls $0.02
*** FLOP *** [Ts 4c 3h]
rake23: checks 
tweetyteewt: checks 
Yen Rodrguez: bets $0.04
zeppelin707: calls $0.04
rake23: folds 
tweetyteewt: folds 
*** TURN *** [Ts 4c 3h] [Kc]
Yen Rodrguez: bets $0.06
zeppelin707: calls $0.06
*** RIVER *** [Ts 4c 3h Kc] [7c]
Yen Rodrguez: bets $0.18
zeppelin707: raises $1.71 to $1.89 and is all-in
Yen Rodrguez: folds 
Uncalled bet ($1.71) returned to zeppelin707
zeppelin707 collected $0.70 from pot
*** SUMMARY ***
Total pot $0.73 | Rake $0.03 
Board [Ts 4c 3h Kc 7c]
Seat 1: rake23 (big blind) folded on the Flop
Seat 2: bloody55hawk folded before Flop (didn't bet)
Seat 3: tweetyteewt folded on the Flop
Seat 4: Yen Rodrguez folded on the River
Seat 5: Dorex2007 folded before Flop (didn't bet)
Seat 6: Camezzz folded before Flop (didn't bet)
Seat 7: DBLBLYBSTR folded before Flop (didn't bet)
Seat 8: zeppelin707 (button) collected ($0.70)
Seat 9: crazyrun (small blind) folded before Flop



PokerStars Hand #232735279228:  Hold'em No Limit ($0.01/$0.02 USD) - 2022/01/01 23:35:31 PT [2022/01/02 2:35:31 ET]
Table 'Spartacus III' 9-max Seat #9 is the button
Seat 1: rake23 ($3.81 in chips) 
Seat 2: bloody55hawk ($0.80 in chips) 
Seat 3: tweetyteewt ($2.10 in chips) 
Seat 4: Yen Rodrguez ($2.01 in chips) 
Seat 5: Dorex2007 ($2.10 in chips) 
Seat 6: Camezzz ($2.02 in chips) 
Seat 7: DBLBLYBSTR ($4.18 in chips) 
Seat 8: zeppelin707 ($2.41 in chips) 
Seat 9: crazyrun ($2.15 in chips) 
rake23: posts small blind $0.01
bloody55hawk: posts big blind $0.02
*** HOLE CARDS ***
Dealt to Dorex2007 [4d 7s]
tweetyteewt: folds 
Yen Rodrguez: calls $0.02
Dorex2007: folds 
Camezzz: folds 
DBLBLYBSTR: folds 
zeppelin707: folds 
crazyrun: raises $0.06 to $0.08
rake23: folds 
bloody55hawk: folds 
Yen Rodrguez: calls $0.06
*** FLOP *** [Jh 2s 2c]
Yen Rodrguez: checks 
crazyrun: bets $0.12
Yen Rodrguez: folds 
Uncalled bet ($0.12) returned to crazyrun
crazyrun collected $0.18 from pot
crazyrun: doesn't show hand 
*** SUMMARY ***
Total pot $0.19 | Rake $0.01 
Board [Jh 2s 2c]
Seat 1: rake23 (small blind) folded before Flop
Seat 2: bloody55hawk (big blind) folded before Flop
Seat 3: tweetyteewt folded before Flop (didn't bet)
Seat 4: Yen Rodrguez folded on the Flop
Seat 5: Dorex2007 folded before Flop (didn't bet)
Seat 6: Camezzz folded before Flop (didn't bet)
Seat 7: DBLBLYBSTR folded before Flop (didn't bet)
Seat 8: zeppelin707 folded before Flop (didn't bet)
Seat 9: crazyrun (button) collected ($0.18)



PokerStars Hand #232735285307:  Hold'em No Limit ($0.01/$0.02 USD) - 2022/01/01 23:36:10 PT [2022/01/02 2:36:10 ET]
Table 'Spartacus III' 9-max Seat #1 is the button
Seat 1: rake23 ($3.80 in chips) 
Seat 2: bloody55hawk ($0.80 in chips) 
Seat 3: tweetyteewt ($2.10 in chips) 
Seat 4: Yen Rodrguez ($1.93 in chips) 
Seat 5: Dorex2007 ($2.10 in chips) 
Seat 6: Camezzz ($2.02 in chips) 
Seat 7: DBLBLYBSTR ($4.18 in chips) 
Seat 8: zeppelin707 ($2.41 in chips) 
Seat 9: crazyrun ($2.25 in chips) 
bloody55hawk: posts small blind $0.01
tweetyteewt: posts big blind $0.02
*** HOLE CARDS ***
Dealt to Dorex2007 [Td 6s]
Yen Rodrguez: calls $0.02
Dorex2007: folds 
Camezzz: folds 
DBLBLYBSTR: folds 
zeppelin707: folds 
crazyrun: folds 
rake23: folds 
bloody55hawk: calls $0.01
tweetyteewt: checks 
*** FLOP *** [4c 5s 7d]
bloody55hawk: checks 
tweetyteewt: checks 
Yen Rodrguez: checks 
*** TURN *** [4c 5s 7d] [6c]
bloody55hawk: checks 
tweetyteewt: checks 
Yen Rodrguez: checks 
*** RIVER *** [4c 5s 7d 6c] [2h]
bloody55hawk: checks 
tweetyteewt: bets $0.66
Yen Rodrguez: folds 
bloody55hawk: folds 
Uncalled bet ($0.66) returned to tweetyteewt
tweetyteewt collected $0.06 from pot
tweetyteewt: doesn't show hand 
*** SUMMARY ***
Total pot $0.06 | Rake $0 
Board [4c 5s 7d 6c 2h]
Seat 1: rake23 (button) folded before Flop (didn't bet)
Seat 2: bloody55hawk (small blind) folded on the River
Seat 3: tweetyteewt (big blind) collected ($0.06)
Seat 4: Yen Rodrguez folded on the River
Seat 5: Dorex2007 folded before Flop (didn't bet)
Seat 6: Camezzz folded before Flop (didn't bet)
Seat 7: DBLBLYBSTR folded before Flop (didn't bet)
Seat 8: zeppelin707 folded before Flop (didn't bet)
Seat 9: crazyrun folded before Flop (didn't bet)



PokerStars Hand #232735294388:  Hold'em No Limit ($0.01/$0.02 USD) - 2022/01/01 23:37:07 PT [2022/01/02 2:37:07 ET]
Table 'Spartacus III' 9-max Seat #2 is the button
Seat 1: rake23 ($3.80 in chips) 
Seat 2: bloody55hawk ($0.80 in chips) 
Seat 3: tweetyteewt ($2.14 in chips) 
Seat 4: Yen Rodrguez ($1.91 in chips) 
Seat 5: Dorex2007 ($2.10 in chips) 
Seat 6: Camezzz ($2.02 in chips) 
Seat 7: DBLBLYBSTR ($4.18 in chips) 
Seat 8: zeppelin707 ($2.41 in chips) 
Seat 9: crazyrun ($2.25 in chips) 
tweetyteewt: posts small blind $0.01
Yen Rodrguez: posts big blind $0.02
*** HOLE CARDS ***
Dealt to Dorex2007 [5s Ac]
Dorex2007: folds 
Camezzz has timed out
Camezzz: folds 
DBLBLYBSTR: raises $0.04 to $0.06
zeppelin707: folds 
crazyrun: folds 
rake23: folds 
bloody55hawk: folds 
tweetyteewt: folds 
Yen Rodrguez: calls $0.04
*** FLOP *** [Qd Th 2c]
Yen Rodrguez: checks 
DBLBLYBSTR: bets $0.13
Yen Rodrguez: folds 
Uncalled bet ($0.13) returned to DBLBLYBSTR
DBLBLYBSTR collected $0.13 from pot
DBLBLYBSTR: doesn't show hand 
*** SUMMARY ***
Total pot $0.13 | Rake $0 
Board [Qd Th 2c]
Seat 1: rake23 folded before Flop (didn't bet)
Seat 2: bloody55hawk (button) folded before Flop (didn't bet)
Seat 3: tweetyteewt (small blind) folded before Flop
Seat 4: Yen Rodrguez (big blind) folded on the Flop
Seat 5: Dorex2007 folded before Flop (didn't bet)
Seat 6: Camezzz folded before Flop (didn't bet)
Seat 7: DBLBLYBSTR collected ($0.13)
Seat 8: zeppelin707 folded before Flop (didn't bet)
Seat 9: crazyrun folded before Flop (didn't bet)



PokerStars Hand #232735301135:  Hold'em No Limit ($0.01/$0.02 USD) - 2022/01/01 23:37:51 PT [2022/01/02 2:37:51 ET]
Table 'Spartacus III' 9-max Seat #3 is the button
Seat 1: rake23 ($3.80 in chips) 
Seat 2: bloody55hawk ($0.80 in chips) 
Seat 3: tweetyteewt ($2.13 in chips) 
Seat 4: Yen Rodrguez ($1.85 in chips) 
Seat 5: Dorex2007 ($2.10 in chips) 
Seat 6: Camezzz ($2.02 in chips) 
Seat 7: DBLBLYBSTR ($4.25 in chips) 
Seat 8: zeppelin707 ($2.41 in chips) 
Seat 9: crazyrun ($2.25 in chips) 
Yen Rodrguez: posts small blind $0.01
Dorex2007: posts big blind $0.02
*** HOLE CARDS ***
Dealt to Dorex2007 [7h Qc]
Camezzz: raises $0.04 to $0.06
DBLBLYBSTR: calls $0.06
zeppelin707: folds 
crazyrun: folds 
rake23: folds 
bloody55hawk: folds 
tweetyteewt: folds 
Yen Rodrguez: calls $0.05
Dorex2007: folds 
*** FLOP *** [Ac 4d 5s]
Yen Rodrguez: checks 
Camezzz: bets $0.13
DBLBLYBSTR: folds 
Yen Rodrguez: calls $0.13
*** TURN *** [Ac 4d 5s] [3d]
Yen Rodrguez: checks 
Camezzz: checks 
*** RIVER *** [Ac 4d 5s 3d] [Td]
Yen Rodrguez: bets $0.22
Camezzz: calls $0.22
*** SHOW DOWN ***
Yen Rodrguez: shows [6s Ah] (a pair of Aces)
Camezzz: shows [Ts As] (two pair, Aces and Tens)
Camezzz collected $0.87 from pot
*** SUMMARY ***
Total pot $0.90 | Rake $0.03 
Board [Ac 4d 5s 3d Td]
Seat 1: rake23 folded before Flop (didn't bet)
Seat 2: bloody55hawk folded before Flop (didn't bet)
Seat 3: tweetyteewt (button) folded before Flop (didn't bet)
Seat 4: Yen Rodrguez (small blind) showed [6s Ah] and lost with a pair of Aces
Seat 5: Dorex2007 (big blind) folded before Flop
Seat 6: Camezzz showed [Ts As] and won ($0.87) with two pair, Aces and Tens
Seat 7: DBLBLYBSTR folded on the Flop
Seat 8: zeppelin707 folded before Flop (didn't bet)
Seat 9: crazyrun folded before Flop (didn't bet)



PokerStars Hand #232735313316:  Hold'em No Limit ($0.01/$0.02 USD) - 2022/01/01 23:39:10 PT [2022/01/02 2:39:10 ET]
Table 'Spartacus III' 9-max Seat #4 is the button
Seat 1: rake23 ($3.80 in chips) 
Seat 2: bloody55hawk ($0.80 in chips) 
Seat 3: tweetyteewt ($2.13 in chips) 
Seat 4: Yen Rodrguez ($1.44 in chips) 
Seat 5: Dorex2007 ($2.08 in chips) 
Seat 6: Camezzz ($2.48 in chips) 
Seat 7: DBLBLYBSTR ($4.19 in chips) 
Seat 8: zeppelin707 ($2.41 in chips) 
Seat 9: crazyrun ($2.25 in chips) 
Dorex2007: posts small blind $0.01
Camezzz: posts big blind $0.02
*** HOLE CARDS ***
Dealt to Dorex2007 [Th Jh]
DBLBLYBSTR: folds 
zeppelin707: calls $0.02
crazyrun: raises $0.06 to $0.08
rake23: folds 
bloody55hawk: folds 
tweetyteewt: folds 
Yen Rodrguez: folds 
Dorex2007: folds 
Camezzz: folds 
zeppelin707: calls $0.06
*** FLOP *** [Kc 4s 6s]
zeppelin707: checks 
crazyrun: bets $0.14
zeppelin707: folds 
Uncalled bet ($0.14) returned to crazyrun
crazyrun collected $0.18 from pot
crazyrun: doesn't show hand 
*** SUMMARY ***
Total pot $0.19 | Rake $0.01 
Board [Kc 4s 6s]
Seat 1: rake23 folded before Flop (didn't bet)
Seat 2: bloody55hawk folded before Flop (didn't bet)
Seat 3: tweetyteewt folded before Flop (didn't bet)
Seat 4: Yen Rodrguez (button) folded before Flop (didn't bet)
Seat 5: Dorex2007 (small blind) folded before Flop
Seat 6: Camezzz (big blind) folded before Flop
Seat 7: DBLBLYBSTR folded before Flop (didn't bet)
Seat 8: zeppelin707 folded on the Flop
Seat 9: crazyrun collected ($0.18)



PokerStars Hand #232735323743:  Hold'em No Limit ($0.01/$0.02 USD) - 2022/01/01 23:39:36 PT [2022/01/02 2:39:36 ET]
Table 'Spartacus III' 9-max Seat #5 is the button
Seat 1: rake23 ($3.80 in chips) 
Seat 2: bloody55hawk ($0.80 in chips) 
Seat 3: tweetyteewt ($2.13 in chips) 
Seat 4: Yen Rodrguez ($1.44 in chips) 
Seat 5: Dorex2007 ($2.07 in chips) 
Seat 6: Camezzz ($2.46 in chips) 
Seat 7: DBLBLYBSTR ($4.19 in chips) 
Seat 8: zeppelin707 ($2.33 in chips) 
Seat 9: crazyrun ($2.35 in chips) 
Camezzz: posts small blind $0.01
DBLBLYBSTR: posts big blind $0.02
*** HOLE CARDS ***
Dealt to Dorex2007 [Qc 9d]
zeppelin707: folds 
crazyrun: folds 
rake23: raises $0.04 to $0.06
bloody55hawk: folds 
tweetyteewt: folds 
Yen Rodrguez: folds 
Dorex2007: folds 
Camezzz: folds 
DBLBLYBSTR: raises $0.13 to $0.19
rake23: folds 
Uncalled bet ($0.13) returned to DBLBLYBSTR
DBLBLYBSTR collected $0.13 from pot
DBLBLYBSTR: doesn't show hand 
*** SUMMARY ***
Total pot $0.13 | Rake $0 
Seat 1: rake23 folded before Flop
Seat 2: bloody55hawk folded before Flop (didn't bet)
Seat 3: tweetyteewt folded before Flop (didn't bet)
Seat 4: Yen Rodrguez folded before Flop (didn't bet)
Seat 5: Dorex2007 (button) folded before Flop (didn't bet)
Seat 6: Camezzz (small blind) folded before Flop
Seat 7: DBLBLYBSTR (big blind) collected ($0.13)
Seat 8: zeppelin707 folded before Flop (didn't bet)
Seat 9: crazyrun folded before Flop (didn't bet)



PokerStars Hand #232735327877:  Hold'em No Limit ($0.01/$0.02 USD) - 2022/01/01 23:40:03 PT [2022/01/02 2:40:03 ET]
Table 'Spartacus III' 9-max Seat #6 is the button
Seat 1: rake23 ($3.74 in chips) 
Seat 2: bloody55hawk ($0.80 in chips) 
Seat 3: tweetyteewt ($2.13 in chips) 
Seat 4: Yen Rodrguez ($1.44 in chips) 
Seat 5: Dorex2007 ($2.07 in chips) 
Seat 6: Camezzz ($2.45 in chips) 
Seat 7: DBLBLYBSTR ($4.26 in chips) 
Seat 8: zeppelin707 ($2.33 in chips) 
Seat 9: crazyrun ($2.35 in chips) 
DBLBLYBSTR: posts small blind $0.01
zeppelin707: posts big blind $0.02
*** HOLE CARDS ***
Dealt to Dorex2007 [Qd Ks]
crazyrun has timed out
crazyrun: folds 
rake23: folds 
bloody55hawk: folds 
tweetyteewt: folds 
Yen Rodrguez: calls $0.02
Dorex2007: folds 
Camezzz: folds 
DBLBLYBSTR: calls $0.01
zeppelin707: checks 
*** FLOP *** [4s 6h Tc]
crazyrun leaves the table
DBLBLYBSTR: checks 
zeppelin707: checks 
Yen Rodrguez: checks 
*** TURN *** [4s 6h Tc] [Ac]
DBLBLYBSTR: checks 
zeppelin707: checks 
Yen Rodrguez: bets $0.06
DBLBLYBSTR: folds 
zeppelin707: calls $0.06
*** RIVER *** [4s 6h Tc Ac] [3c]
zeppelin707: checks 
Yen Rodrguez: checks 
*** SHOW DOWN ***
zeppelin707: shows [Kc Jh] (high card Ace)
Yen Rodrguez: shows [5h Ah] (a pair of Aces)
Yen Rodrguez collected $0.17 from pot
*** SUMMARY ***
Total pot $0.18 | Rake $0.01 
Board [4s 6h Tc Ac 3c]
Seat 1: rake23 folded before Flop (didn't bet)
Seat 2: bloody55hawk folded before Flop (didn't bet)
Seat 3: tweetyteewt folded before Flop (didn't bet)
Seat 4: Yen Rodrguez showed [5h Ah] and won ($0.17) with a pair of Aces
Seat 5: Dorex2007 folded before Flop (didn't bet)
Seat 6: Camezzz (button) folded before Flop (didn't bet)
Seat 7: DBLBLYBSTR (small blind) folded on the Turn
Seat 8: zeppelin707 (big blind) showed [Kc Jh] and lost with high card Ace
Seat 9: crazyrun folded before Flop (didn't bet)



PokerStars Hand #232735335249:  Hold'em No Limit ($0.01/$0.02 USD) - 2022/01/01 23:40:50 PT [2022/01/02 2:40:50 ET]
Table 'Spartacus III' 9-max Seat #7 is the button
Seat 1: rake23 ($3.74 in chips) 
Seat 2: bloody55hawk ($0.80 in chips) 
Seat 3: tweetyteewt ($2.13 in chips) 
Seat 4: Yen Rodrguez ($1.53 in chips) 
Seat 5: Dorex2007 ($2.07 in chips) 
Seat 6: Camezzz ($2.45 in chips) 
Seat 7: DBLBLYBSTR ($4.24 in chips) 
Seat 8: zeppelin707 ($2.25 in chips) 
zeppelin707: posts small blind $0.01
rake23: posts big blind $0.02
*** HOLE CARDS ***
Dealt to Dorex2007 [3h 2s]
bloody55hawk: folds 
tweetyteewt: folds 
Yen Rodrguez: folds 
Dorex2007: folds 
Camezzz: folds 
DBLBLYBSTR: raises $0.04 to $0.06
zeppelin707: folds 
rake23: folds 
Uncalled bet ($0.04) returned to DBLBLYBSTR
DBLBLYBSTR collected $0.05 from pot
DBLBLYBSTR: doesn't show hand 
*** SUMMARY ***
Total pot $0.05 | Rake $0 
Seat 1: rake23 (big blind) folded before Flop
Seat 2: bloody55hawk folded before Flop (didn't bet)
Seat 3: tweetyteewt folded before Flop (didn't bet)
Seat 4: Yen Rodrguez folded before Flop (didn't bet)
Seat 5: Dorex2007 folded before Flop (didn't bet)
Seat 6: Camezzz folded before Flop (didn't bet)
Seat 7: DBLBLYBSTR (button) collected ($0.05)
Seat 8: zeppelin707 (small blind) folded before Flop



PokerStars Hand #232735337393:  Hold'em No Limit ($0.01/$0.02 USD) - 2022/01/01 23:41:03 PT [2022/01/02 2:41:03 ET]
Table 'Spartacus III' 9-max Seat #8 is the button
Seat 1: rake23 ($3.72 in chips) 
Seat 2: bloody55hawk ($0.80 in chips) 
Seat 3: tweetyteewt ($2.13 in chips) 
Seat 4: Yen Rodrguez ($1.53 in chips) 
Seat 5: Dorex2007 ($2.07 in chips) 
Seat 6: Camezzz ($2.45 in chips) 
Seat 7: DBLBLYBSTR ($4.27 in chips) 
Seat 8: zeppelin707 ($2.24 in chips) 
rake23: posts small blind $0.01
bloody55hawk: posts big blind $0.02
*** HOLE CARDS ***
Dealt to Dorex2007 [8c 9h]
tweetyteewt: folds 
Yen Rodrguez: calls $0.02
Dorex2007: folds 
Camezzz: folds 
DBLBLYBSTR: folds 
zeppelin707: calls $0.02
rake23: calls $0.01
bloody55hawk: checks 
*** FLOP *** [Ad 4s Th]
rake23: checks 
bloody55hawk: checks 
Yen Rodrguez: checks 
zeppelin707: checks 
*** TURN *** [Ad 4s Th] [4h]
rake23: checks 
bloody55hawk: checks 
Yen Rodrguez: bets $0.04
zeppelin707: calls $0.04
rake23: folds 
bloody55hawk: folds 
*** RIVER *** [Ad 4s Th 4h] [5c]
Yen Rodrguez: bets $0.04
zeppelin707: folds 
Uncalled bet ($0.04) returned to Yen Rodrguez
Admiral_Berl joins the table at seat #9 
Yen Rodrguez collected $0.15 from pot
Yen Rodrguez: doesn't show hand 
*** SUMMARY ***
Total pot $0.16 | Rake $0.01 
Board [Ad 4s Th 4h 5c]
Seat 1: rake23 (small blind) folded on the Turn
Seat 2: bloody55hawk (big blind) folded on the Turn
Seat 3: tweetyteewt folded before Flop (didn't bet)
Seat 4: Yen Rodrguez collected ($0.15)
Seat 5: Dorex2007 folded before Flop (didn't bet)
Seat 6: Camezzz folded before Flop (didn't bet)
Seat 7: DBLBLYBSTR folded before Flop (didn't bet)
Seat 8: zeppelin707 (button) folded on the River



PokerStars Hand #232735344468:  Hold'em No Limit ($0.01/$0.02 USD) - 2022/01/01 23:41:47 PT [2022/01/02 2:41:47 ET]
Table 'Spartacus III' 9-max Seat #1 is the button
Seat 1: rake23 ($3.70 in chips) 
Seat 2: bloody55hawk ($0.80 in chips) 
Seat 3: tweetyteewt ($2.13 in chips) 
Seat 4: Yen Rodrguez ($1.62 in chips) 
Seat 5: Dorex2007 ($2.07 in chips) 
Seat 6: Camezzz ($2.45 in chips) 
Seat 7: DBLBLYBSTR ($4.27 in chips) 
Seat 8: zeppelin707 ($2.18 in chips) 
bloody55hawk: posts small blind $0.01
tweetyteewt: posts big blind $0.02
Admiral_Berl: sits out 
*** HOLE CARDS ***
Dealt to Dorex2007 [Jc 6c]
Yen Rodrguez: raises $0.04 to $0.06
Dorex2007: folds 
Camezzz: folds 
DBLBLYBSTR: folds 
zeppelin707: folds 
rake23: folds 
bloody55hawk: folds 
tweetyteewt: folds 
Uncalled bet ($0.04) returned to Yen Rodrguez
Yen Rodrguez collected $0.05 from pot
Yen Rodrguez: doesn't show hand 
*** SUMMARY ***
Total pot $0.05 | Rake $0 
Seat 1: rake23 (button) folded before Flop (didn't bet)
Seat 2: bloody55hawk (small blind) folded before Flop
Seat 3: tweetyteewt (big blind) folded before Flop
Seat 4: Yen Rodrguez collected ($0.05)
Seat 5: Dorex2007 folded before Flop (didn't bet)
Seat 6: Camezzz folded before Flop (didn't bet)
Seat 7: DBLBLYBSTR folded before Flop (didn't bet)
Seat 8: zeppelin707 folded before Flop (didn't bet)



