PokerStars Hand #238548645106:  Hold'em No Limit ($0.05/$0.10 USD) - 2022/09/10 17:42:28 PT [2022/09/10 20:42:28 ET]
Table 'Carpenter II' 9-max Seat #8 is the button
Seat 1: fabri318 ($15.41 in chips) 
Seat 2: dvdhmstar ($18.92 in chips) 
Seat 3: Fabio1502167 ($10.68 in chips) 
Seat 4: louganboi ($10.16 in chips) 
Seat 5: lladnar1130 ($10.06 in chips) 
Seat 6: chRiis888 ($9.85 in chips) 
Seat 7: Dorex2007 ($10 in chips) 
Seat 8: ananiadis ($9.14 in chips) 
Seat 9: dnova1322 ($10 in chips) 
dnova1322: posts small blind $0.05
fabri318: posts big blind $0.10
Dorex2007: posts small & big blinds $0.15
*** HOLE CARDS ***
Dealt to Dorex2007 [2s 6c]
dvdhmstar: folds 
Fabio1502167: raises $0.10 to $0.20
louganboi: folds 
lladnar1130: calls $0.20
chRiis888: folds 
Dorex2007: folds 
ananiadis: calls $0.20
dnova1322: raises $1.05 to $1.25
fabri318: folds 
Fabio1502167: folds 
lladnar1130: folds 
ananiadis: folds 
Uncalled bet ($1.05) returned to dnova1322
dnova1322 collected $1.05 from pot
dnova1322: doesn't show hand 
*** SUMMARY ***
Total pot $1.05 | Rake $0 
Seat 1: fabri318 (big blind) folded before Flop
Seat 2: dvdhmstar folded before Flop (didn't bet)
Seat 3: Fabio1502167 folded before Flop
Seat 4: louganboi folded before Flop (didn't bet)
Seat 5: lladnar1130 folded before Flop
Seat 6: chRiis888 folded before Flop (didn't bet)
Seat 7: Dorex2007 folded before Flop (didn't bet)
Seat 8: ananiadis (button) folded before Flop
Seat 9: dnova1322 (small blind) collected ($1.05)



PokerStars Hand #238548652968:  Hold'em No Limit ($0.05/$0.10 USD) - 2022/09/10 17:43:03 PT [2022/09/10 20:43:03 ET]
Table 'Carpenter II' 9-max Seat #9 is the button
Seat 1: fabri318 ($15.31 in chips) 
Seat 2: dvdhmstar ($18.92 in chips) 
Seat 3: Fabio1502167 ($10.48 in chips) 
Seat 4: louganboi ($10.16 in chips) 
Seat 5: lladnar1130 ($9.86 in chips) 
Seat 6: chRiis888 ($9.85 in chips) 
Seat 7: Dorex2007 ($10 in chips) 
Seat 8: ananiadis ($8.94 in chips) 
Seat 9: dnova1322 ($10.85 in chips) 
fabri318: posts small blind $0.05
dvdhmstar: posts big blind $0.10
*** HOLE CARDS ***
Dealt to Dorex2007 [9s Js]
Fabio1502167: folds 
louganboi: folds 
lladnar1130: folds 
chRiis888: folds 
Dorex2007: folds 
ananiadis: folds 
dnova1322: folds 
fabri318: raises $0.20 to $0.30
dvdhmstar: folds 
Uncalled bet ($0.20) returned to fabri318
fabri318 collected $0.20 from pot
fabri318: doesn't show hand 
*** SUMMARY ***
Total pot $0.20 | Rake $0 
Seat 1: fabri318 (small blind) collected ($0.20)
Seat 2: dvdhmstar (big blind) folded before Flop
Seat 3: Fabio1502167 folded before Flop (didn't bet)
Seat 4: louganboi folded before Flop (didn't bet)
Seat 5: lladnar1130 folded before Flop (didn't bet)
Seat 6: chRiis888 folded before Flop (didn't bet)
Seat 7: Dorex2007 folded before Flop (didn't bet)
Seat 8: ananiadis folded before Flop (didn't bet)
Seat 9: dnova1322 (button) folded before Flop (didn't bet)



PokerStars Hand #238548659808:  Hold'em No Limit ($0.05/$0.10 USD) - 2022/09/10 17:43:34 PT [2022/09/10 20:43:34 ET]
Table 'Carpenter II' 9-max Seat #1 is the button
Seat 1: fabri318 ($15.41 in chips) 
Seat 2: dvdhmstar ($18.82 in chips) 
Seat 3: Fabio1502167 ($10.48 in chips) 
Seat 4: louganboi ($10.16 in chips) 
Seat 5: lladnar1130 ($9.86 in chips) 
Seat 6: chRiis888 ($9.85 in chips) 
Seat 7: Dorex2007 ($10 in chips) 
Seat 8: ananiadis ($8.94 in chips) 
Seat 9: dnova1322 ($10.85 in chips) 
dvdhmstar: posts small blind $0.05
Fabio1502167: posts big blind $0.10
*** HOLE CARDS ***
Dealt to Dorex2007 [Ts 5c]
louganboi: raises $0.16 to $0.26
lladnar1130: folds 
chRiis888: folds 
Dorex2007: folds 
ananiadis: folds 
dnova1322: folds 
fabri318: folds 
dvdhmstar: folds 
Fabio1502167: calls $0.16
*** FLOP *** [2c 3s 7c]
Fabio1502167: bets $0.27
louganboi: calls $0.27
*** TURN *** [2c 3s 7c] [4h]
Fabio1502167: bets $0.53
louganboi: calls $0.53
*** RIVER *** [2c 3s 7c 4h] [3c]
Fabio1502167: checks 
louganboi: bets $1.70
Fabio1502167: calls $1.70
*** SHOW DOWN ***
louganboi: shows [Ac Kh] (a pair of Threes)
Fabio1502167: shows [7h Ad] (two pair, Sevens and Threes)
Fabio1502167 collected $5.32 from pot
*** SUMMARY ***
Total pot $5.57 | Rake $0.25 
Board [2c 3s 7c 4h 3c]
Seat 1: fabri318 (button) folded before Flop (didn't bet)
Seat 2: dvdhmstar (small blind) folded before Flop
Seat 3: Fabio1502167 (big blind) showed [7h Ad] and won ($5.32) with two pair, Sevens and Threes
Seat 4: louganboi showed [Ac Kh] and lost with a pair of Threes
Seat 5: lladnar1130 folded before Flop (didn't bet)
Seat 6: chRiis888 folded before Flop (didn't bet)
Seat 7: Dorex2007 folded before Flop (didn't bet)
Seat 8: ananiadis folded before Flop (didn't bet)
Seat 9: dnova1322 folded before Flop (didn't bet)



PokerStars Hand #238548673923:  Hold'em No Limit ($0.05/$0.10 USD) - 2022/09/10 17:44:38 PT [2022/09/10 20:44:38 ET]
Table 'Carpenter II' 9-max Seat #2 is the button
Seat 1: fabri318 ($15.41 in chips) 
Seat 2: dvdhmstar ($18.77 in chips) 
Seat 3: Fabio1502167 ($13.04 in chips) 
Seat 5: lladnar1130 ($9.86 in chips) 
Seat 6: chRiis888 ($9.85 in chips) 
Seat 7: Dorex2007 ($10 in chips) 
Seat 8: ananiadis ($8.94 in chips) 
Seat 9: dnova1322 ($10.85 in chips) 
Fabio1502167: posts small blind $0.05
louganboi: is sitting out 
lladnar1130: posts big blind $0.10
*** HOLE CARDS ***
Dealt to Dorex2007 [Td Qd]
chRiis888: folds 
Dorex2007: raises $0.10 to $0.20
ananiadis: folds 
louganboi leaves the table
mauserr7 joins the table at seat #4 
dnova1322 has timed out
dnova1322: folds 
fabri318: folds 
dvdhmstar: calls $0.20
Fabio1502167: folds 
lladnar1130: calls $0.10
*** FLOP *** [Jd 8s 5c]
lladnar1130: checks 
Dorex2007: checks 
mauserr7 leaves the table
dvdhmstar: bets $0.20
lladnar1130: folds 
Dorex2007: folds 
Uncalled bet ($0.20) returned to dvdhmstar
dvdhmstar collected $0.62 from pot
*** SUMMARY ***
Total pot $0.65 | Rake $0.03 
Board [Jd 8s 5c]
Seat 1: fabri318 folded before Flop (didn't bet)
Seat 2: dvdhmstar (button) collected ($0.62)
Seat 3: Fabio1502167 (small blind) folded before Flop
Seat 5: lladnar1130 (big blind) folded on the Flop
Seat 6: chRiis888 folded before Flop (didn't bet)
Seat 7: Dorex2007 folded on the Flop
Seat 8: ananiadis folded before Flop (didn't bet)
Seat 9: dnova1322 folded before Flop (didn't bet)



PokerStars Hand #238548689660:  Hold'em No Limit ($0.05/$0.10 USD) - 2022/09/10 17:45:48 PT [2022/09/10 20:45:48 ET]
Table 'Carpenter II' 9-max Seat #3 is the button
Seat 1: fabri318 ($15.41 in chips) 
Seat 2: dvdhmstar ($19.19 in chips) 
Seat 3: Fabio1502167 ($12.99 in chips) 
Seat 5: lladnar1130 ($9.66 in chips) 
Seat 6: chRiis888 ($9.85 in chips) 
Seat 7: Dorex2007 ($10 in chips) 
Seat 8: ananiadis ($8.94 in chips) 
Seat 9: dnova1322 ($10.85 in chips) 
lladnar1130: posts small blind $0.05
chRiis888: posts big blind $0.10
*** HOLE CARDS ***
Dealt to Dorex2007 [6c 5d]
Dorex2007: folds 
ananiadis: raises $0.18 to $0.28
dnova1322: folds 
fabri318: folds 
dvdhmstar: folds 
Fabio1502167: calls $0.28
sidardiyar joins the table at seat #4 
lladnar1130: folds 
chRiis888: folds 
*** FLOP *** [9h Kh Kc]
ananiadis: bets $0.27
Fabio1502167: folds 
Uncalled bet ($0.27) returned to ananiadis
ananiadis collected $0.68 from pot
*** SUMMARY ***
Total pot $0.71 | Rake $0.03 
Board [9h Kh Kc]
Seat 1: fabri318 folded before Flop (didn't bet)
Seat 2: dvdhmstar folded before Flop (didn't bet)
Seat 3: Fabio1502167 (button) folded on the Flop
Seat 5: lladnar1130 (small blind) folded before Flop
Seat 6: chRiis888 (big blind) folded before Flop
Seat 7: Dorex2007 folded before Flop (didn't bet)
Seat 8: ananiadis collected ($0.68)
Seat 9: dnova1322 folded before Flop (didn't bet)



PokerStars Hand #238548698445:  Hold'em No Limit ($0.05/$0.10 USD) - 2022/09/10 17:46:28 PT [2022/09/10 20:46:28 ET]
Table 'Carpenter II' 9-max Seat #5 is the button
Seat 1: fabri318 ($15.41 in chips) 
Seat 2: dvdhmstar ($19.19 in chips) 
Seat 3: Fabio1502167 ($12.71 in chips) 
Seat 5: lladnar1130 ($9.61 in chips) 
Seat 6: chRiis888 ($9.75 in chips) 
Seat 7: Dorex2007 ($10 in chips) 
Seat 8: ananiadis ($9.34 in chips) 
Seat 9: dnova1322 ($10.85 in chips) 
chRiis888: posts small blind $0.05
Dorex2007: posts big blind $0.10
sidardiyar: sits out 
*** HOLE CARDS ***
Dealt to Dorex2007 [Jc 4c]
ananiadis: folds 
dnova1322: folds 
fabri318: folds 
dvdhmstar: folds 
Fabio1502167: calls $0.10
lladnar1130: folds 
chRiis888: folds 
Dorex2007: checks 
*** FLOP *** [7s Kh Ac]
Dorex2007: checks 
Fabio1502167: bets $0.12
Dorex2007: folds 
Uncalled bet ($0.12) returned to Fabio1502167
Fabio1502167 collected $0.24 from pot
Fabio1502167: doesn't show hand 
*** SUMMARY ***
Total pot $0.25 | Rake $0.01 
Board [7s Kh Ac]
Seat 1: fabri318 folded before Flop (didn't bet)
Seat 2: dvdhmstar folded before Flop (didn't bet)
Seat 3: Fabio1502167 collected ($0.24)
Seat 5: lladnar1130 (button) folded before Flop (didn't bet)
Seat 6: chRiis888 (small blind) folded before Flop
Seat 7: Dorex2007 (big blind) folded on the Flop
Seat 8: ananiadis folded before Flop (didn't bet)
Seat 9: dnova1322 folded before Flop (didn't bet)



PokerStars Hand #238548708081:  Hold'em No Limit ($0.05/$0.10 USD) - 2022/09/10 17:47:12 PT [2022/09/10 20:47:12 ET]
Table 'Carpenter II' 9-max Seat #6 is the button
Seat 1: fabri318 ($15.41 in chips) 
Seat 2: dvdhmstar ($19.19 in chips) 
Seat 3: Fabio1502167 ($12.85 in chips) 
Seat 5: lladnar1130 ($9.61 in chips) 
Seat 6: chRiis888 ($9.70 in chips) 
Seat 7: Dorex2007 ($10 in chips) 
Seat 8: ananiadis ($9.34 in chips) 
Seat 9: dnova1322 ($10.85 in chips) 
Dorex2007: posts small blind $0.05
ananiadis: posts big blind $0.10
sidardiyar: sits out 
*** HOLE CARDS ***
Dealt to Dorex2007 [6d 7d]
dnova1322: folds 
fabri318: raises $0.20 to $0.30
dvdhmstar: folds 
Fabio1502167: calls $0.30
lladnar1130: folds 
chRiis888: folds 
Dorex2007: folds 
ananiadis: folds 
*** FLOP *** [Ac Qc 5h]
fabri318: checks 
Fabio1502167: bets $0.36
fabri318: calls $0.36
*** TURN *** [Ac Qc 5h] [Qd]
fabri318: checks 
Fabio1502167: checks 
*** RIVER *** [Ac Qc 5h Qd] [Jc]
fabri318: checks 
Fabio1502167: checks 
*** SHOW DOWN ***
fabri318: shows [Th Jh] (two pair, Queens and Jacks)
Fabio1502167: shows [Kc Ad] (two pair, Aces and Queens)
Fabio1502167 collected $1.40 from pot
*** SUMMARY ***
Total pot $1.47 | Rake $0.07 
Board [Ac Qc 5h Qd Jc]
Seat 1: fabri318 showed [Th Jh] and lost with two pair, Queens and Jacks
Seat 2: dvdhmstar folded before Flop (didn't bet)
Seat 3: Fabio1502167 showed [Kc Ad] and won ($1.40) with two pair, Aces and Queens
Seat 5: lladnar1130 folded before Flop (didn't bet)
Seat 6: chRiis888 (button) folded before Flop (didn't bet)
Seat 7: Dorex2007 (small blind) folded before Flop
Seat 8: ananiadis (big blind) folded before Flop
Seat 9: dnova1322 folded before Flop (didn't bet)



PokerStars Hand #238548727243:  Hold'em No Limit ($0.05/$0.10 USD) - 2022/09/10 17:48:40 PT [2022/09/10 20:48:40 ET]
Table 'Carpenter II' 9-max Seat #7 is the button
Seat 1: fabri318 ($14.75 in chips) 
Seat 2: dvdhmstar ($19.19 in chips) 
Seat 3: Fabio1502167 ($13.59 in chips) 
Seat 4: sidardiyar ($10 in chips) 
Seat 5: lladnar1130 ($9.61 in chips) 
Seat 6: chRiis888 ($9.70 in chips) 
Seat 7: Dorex2007 ($10 in chips) 
Seat 8: ananiadis ($9.24 in chips) 
Seat 9: dnova1322 ($10.85 in chips) 
ananiadis: posts small blind $0.05
dnova1322: posts big blind $0.10
sidardiyar: posts big blind $0.10
*** HOLE CARDS ***
Dealt to Dorex2007 [Kd 8d]
fabri318: folds 
dvdhmstar: raises $0.10 to $0.20
Fabio1502167: calls $0.20
sidardiyar: raises $0.10 to $0.30
lladnar1130: folds 
chRiis888: folds 
Dorex2007: folds 
ananiadis: calls $0.25
dnova1322: folds 
dvdhmstar: calls $0.10
Fabio1502167: calls $0.10
*** FLOP *** [Ah 2d 7h]
ananiadis: bets $0.50
dvdhmstar: folds 
Fabio1502167: folds 
sidardiyar: raises $9.20 to $9.70 and is all-in
ananiadis: folds 
Uncalled bet ($9.20) returned to sidardiyar
sidardiyar collected $2.18 from pot
*** SUMMARY ***
Total pot $2.30 | Rake $0.12 
Board [Ah 2d 7h]
Seat 1: fabri318 folded before Flop (didn't bet)
Seat 2: dvdhmstar folded on the Flop
Seat 3: Fabio1502167 folded on the Flop
Seat 4: sidardiyar collected ($2.18)
Seat 5: lladnar1130 folded before Flop (didn't bet)
Seat 6: chRiis888 folded before Flop (didn't bet)
Seat 7: Dorex2007 (button) folded before Flop (didn't bet)
Seat 8: ananiadis (small blind) folded on the Flop
Seat 9: dnova1322 (big blind) folded before Flop



PokerStars Hand #238548741842:  Hold'em No Limit ($0.05/$0.10 USD) - 2022/09/10 17:49:49 PT [2022/09/10 20:49:49 ET]
Table 'Carpenter II' 9-max Seat #8 is the button
Seat 1: fabri318 ($14.75 in chips) 
Seat 2: dvdhmstar ($18.89 in chips) 
Seat 3: Fabio1502167 ($13.29 in chips) 
Seat 4: sidardiyar ($11.38 in chips) 
Seat 5: lladnar1130 ($9.61 in chips) 
Seat 6: chRiis888 ($9.70 in chips) 
Seat 7: Dorex2007 ($10 in chips) 
Seat 8: ananiadis ($8.44 in chips) 
Seat 9: dnova1322 ($10.75 in chips) 
dnova1322: posts small blind $0.05
fabri318: posts big blind $0.10
*** HOLE CARDS ***
Dealt to Dorex2007 [3h Ac]
dvdhmstar: folds 
Fabio1502167: folds 
sidardiyar: raises $2 to $2.10
lladnar1130: folds 
chRiis888 has timed out
chRiis888: folds 
Dorex2007: folds 
ananiadis: folds 
dnova1322: folds 
fabri318: folds 
Uncalled bet ($2) returned to sidardiyar
sidardiyar collected $0.25 from pot
*** SUMMARY ***
Total pot $0.25 | Rake $0 
Seat 1: fabri318 (big blind) folded before Flop
Seat 2: dvdhmstar folded before Flop (didn't bet)
Seat 3: Fabio1502167 folded before Flop (didn't bet)
Seat 4: sidardiyar collected ($0.25)
Seat 5: lladnar1130 folded before Flop (didn't bet)
Seat 6: chRiis888 folded before Flop (didn't bet)
Seat 7: Dorex2007 folded before Flop (didn't bet)
Seat 8: ananiadis (button) folded before Flop (didn't bet)
Seat 9: dnova1322 (small blind) folded before Flop



PokerStars Hand #238548749643:  Hold'em No Limit ($0.05/$0.10 USD) - 2022/09/10 17:50:24 PT [2022/09/10 20:50:24 ET]
Table 'Carpenter II' 9-max Seat #9 is the button
Seat 1: fabri318 ($14.65 in chips) 
Seat 2: dvdhmstar ($18.89 in chips) 
Seat 3: Fabio1502167 ($13.29 in chips) 
Seat 4: sidardiyar ($11.53 in chips) 
Seat 5: lladnar1130 ($9.61 in chips) 
Seat 6: chRiis888 ($9.70 in chips) 
Seat 7: Dorex2007 ($10 in chips) 
Seat 8: ananiadis ($8.44 in chips) 
Seat 9: dnova1322 ($10.70 in chips) 
fabri318: posts small blind $0.05
dvdhmstar: posts big blind $0.10
*** HOLE CARDS ***
Dealt to Dorex2007 [4s Kc]
Fabio1502167: folds 
sidardiyar: raises $0.10 to $0.20
lladnar1130: folds 
chRiis888: folds 
Dorex2007: folds 
ananiadis: folds 
dnova1322: folds 
fabri318: folds 
dvdhmstar: folds 
Uncalled bet ($0.10) returned to sidardiyar
sidardiyar collected $0.25 from pot
*** SUMMARY ***
Total pot $0.25 | Rake $0 
Seat 1: fabri318 (small blind) folded before Flop
Seat 2: dvdhmstar (big blind) folded before Flop
Seat 3: Fabio1502167 folded before Flop (didn't bet)
Seat 4: sidardiyar collected ($0.25)
Seat 5: lladnar1130 folded before Flop (didn't bet)
Seat 6: chRiis888 folded before Flop (didn't bet)
Seat 7: Dorex2007 folded before Flop (didn't bet)
Seat 8: ananiadis folded before Flop (didn't bet)
Seat 9: dnova1322 (button) folded before Flop (didn't bet)



PokerStars Hand #238548754261:  Hold'em No Limit ($0.05/$0.10 USD) - 2022/09/10 17:50:45 PT [2022/09/10 20:50:45 ET]
Table 'Carpenter II' 9-max Seat #1 is the button
Seat 1: fabri318 ($14.60 in chips) 
Seat 2: dvdhmstar ($18.79 in chips) 
Seat 3: Fabio1502167 ($13.29 in chips) 
Seat 4: sidardiyar ($11.68 in chips) 
Seat 5: lladnar1130 ($9.61 in chips) 
Seat 6: chRiis888 ($9.70 in chips) 
Seat 7: Dorex2007 ($10 in chips) 
Seat 8: ananiadis ($8.44 in chips) 
Seat 9: dnova1322 ($10.70 in chips) 
dvdhmstar: posts small blind $0.05
Fabio1502167: posts big blind $0.10
*** HOLE CARDS ***
Dealt to Dorex2007 [Jc 8c]
sidardiyar: raises $0.10 to $0.20
lladnar1130: folds 
chRiis888: folds 
Dorex2007: folds 
ananiadis: folds 
dnova1322: folds 
fabri318: raises $0.50 to $0.70
dvdhmstar: calls $0.65
Fabio1502167: folds 
sidardiyar: raises $0.50 to $1.20
fabri318: calls $0.50
dvdhmstar: calls $0.50
*** FLOP *** [2d Ad 5c]
dvdhmstar: bets $3.53
sidardiyar: folds 
fabri318: folds 
Uncalled bet ($3.53) returned to dvdhmstar
dvdhmstar collected $3.53 from pot
*** SUMMARY ***
Total pot $3.70 | Rake $0.17 
Board [2d Ad 5c]
Seat 1: fabri318 (button) folded on the Flop
Seat 2: dvdhmstar (small blind) collected ($3.53)
Seat 3: Fabio1502167 (big blind) folded before Flop
Seat 4: sidardiyar folded on the Flop
Seat 5: lladnar1130 folded before Flop (didn't bet)
Seat 6: chRiis888 folded before Flop (didn't bet)
Seat 7: Dorex2007 folded before Flop (didn't bet)
Seat 8: ananiadis folded before Flop (didn't bet)
Seat 9: dnova1322 folded before Flop (didn't bet)



PokerStars Hand #238548767267:  Hold'em No Limit ($0.05/$0.10 USD) - 2022/09/10 17:51:46 PT [2022/09/10 20:51:46 ET]
Table 'Carpenter II' 9-max Seat #2 is the button
Seat 1: fabri318 ($13.40 in chips) 
Seat 2: dvdhmstar ($21.12 in chips) 
Seat 3: Fabio1502167 ($13.19 in chips) 
Seat 4: sidardiyar ($10.48 in chips) 
Seat 5: lladnar1130 ($9.61 in chips) 
Seat 6: chRiis888 ($9.70 in chips) 
Seat 7: Dorex2007 ($10 in chips) 
Seat 8: ananiadis ($8.44 in chips) 
Seat 9: dnova1322 ($10.70 in chips) 
Fabio1502167: posts small blind $0.05
sidardiyar: posts big blind $0.10
*** HOLE CARDS ***
Dealt to Dorex2007 [7c 9c]
lladnar1130: folds 
chRiis888: folds 
Dorex2007: folds 
ananiadis: folds 
dnova1322: folds 
fabri318: raises $0.15 to $0.25
dvdhmstar: folds 
Fabio1502167: folds 
sidardiyar: calls $0.15
*** FLOP *** [7s Ad 7h]
ananiadis leaves the table
sidardiyar: bets $0.80
zipiQun joins the table at seat #8 
fabri318: folds 
Uncalled bet ($0.80) returned to sidardiyar
sidardiyar collected $0.53 from pot
*** SUMMARY ***
Total pot $0.55 | Rake $0.02 
Board [7s Ad 7h]
Seat 1: fabri318 folded on the Flop
Seat 2: dvdhmstar (button) folded before Flop (didn't bet)
Seat 3: Fabio1502167 (small blind) folded before Flop
Seat 4: sidardiyar (big blind) collected ($0.53)
Seat 5: lladnar1130 folded before Flop (didn't bet)
Seat 6: chRiis888 folded before Flop (didn't bet)
Seat 7: Dorex2007 folded before Flop (didn't bet)
Seat 8: ananiadis folded before Flop (didn't bet)
Seat 9: dnova1322 folded before Flop (didn't bet)



PokerStars Hand #238548779713:  Hold'em No Limit ($0.05/$0.10 USD) - 2022/09/10 17:52:43 PT [2022/09/10 20:52:43 ET]
Table 'Carpenter II' 9-max Seat #3 is the button
Seat 1: fabri318 ($13.15 in chips) 
Seat 2: dvdhmstar ($21.12 in chips) 
Seat 3: Fabio1502167 ($13.14 in chips) 
Seat 4: sidardiyar ($10.76 in chips) 
Seat 5: lladnar1130 ($9.61 in chips) 
Seat 6: chRiis888 ($9.70 in chips) 
Seat 7: Dorex2007 ($10 in chips) 
Seat 9: dnova1322 ($10.70 in chips) 
sidardiyar: posts small blind $0.05
lladnar1130: posts big blind $0.10
zipiQun: sits out 
*** HOLE CARDS ***
Dealt to Dorex2007 [4s Jc]
chRiis888 has timed out
chRiis888: folds 
Dorex2007: folds 
dnova1322: folds 
fabri318: folds 
dvdhmstar: folds 
Fabio1502167: raises $0.10 to $0.20
sidardiyar: raises $10.56 to $10.76 and is all-in
lladnar1130: folds 
Fabio1502167: folds 
Uncalled bet ($10.56) returned to sidardiyar
sidardiyar collected $0.50 from pot
*** SUMMARY ***
Total pot $0.50 | Rake $0 
Seat 1: fabri318 folded before Flop (didn't bet)
Seat 2: dvdhmstar folded before Flop (didn't bet)
Seat 3: Fabio1502167 (button) folded before Flop
Seat 4: sidardiyar (small blind) collected ($0.50)
Seat 5: lladnar1130 (big blind) folded before Flop
Seat 6: chRiis888 folded before Flop (didn't bet)
Seat 7: Dorex2007 folded before Flop (didn't bet)
Seat 9: dnova1322 folded before Flop (didn't bet)



PokerStars Hand #238548785871:  Hold'em No Limit ($0.05/$0.10 USD) - 2022/09/10 17:53:12 PT [2022/09/10 20:53:12 ET]
Table 'Carpenter II' 9-max Seat #4 is the button
Seat 1: fabri318 ($13.15 in chips) 
Seat 2: dvdhmstar ($21.12 in chips) 
Seat 3: Fabio1502167 ($12.94 in chips) 
Seat 4: sidardiyar ($11.06 in chips) 
Seat 5: lladnar1130 ($9.51 in chips) 
Seat 6: chRiis888 ($9.70 in chips) 
Seat 7: Dorex2007 ($10 in chips) 
Seat 9: dnova1322 ($10.70 in chips) 
lladnar1130: posts small blind $0.05
chRiis888: posts big blind $0.10
zipiQun: sits out 
*** HOLE CARDS ***
Dealt to Dorex2007 [2s Qc]
Dorex2007: folds 
dnova1322: folds 
fabri318: folds 
dvdhmstar: folds 
Fabio1502167: raises $0.10 to $0.20
sidardiyar: calls $0.20
lladnar1130: folds 
chRiis888: calls $0.10
*** FLOP *** [5d Th 9s]
chRiis888: checks 
Fabio1502167: bets $0.31
sidardiyar: folds 
chRiis888: folds 
Uncalled bet ($0.31) returned to Fabio1502167
Fabio1502167 collected $0.62 from pot
Fabio1502167: doesn't show hand 
*** SUMMARY ***
Total pot $0.65 | Rake $0.03 
Board [5d Th 9s]
Seat 1: fabri318 folded before Flop (didn't bet)
Seat 2: dvdhmstar folded before Flop (didn't bet)
Seat 3: Fabio1502167 collected ($0.62)
Seat 4: sidardiyar (button) folded on the Flop
Seat 5: lladnar1130 (small blind) folded before Flop
Seat 6: chRiis888 (big blind) folded on the Flop
Seat 7: Dorex2007 folded before Flop (didn't bet)
Seat 9: dnova1322 folded before Flop (didn't bet)



PokerStars Hand #238548794833:  Hold'em No Limit ($0.05/$0.10 USD) - 2022/09/10 17:53:54 PT [2022/09/10 20:53:54 ET]
Table 'Carpenter II' 9-max Seat #5 is the button
Seat 1: fabri318 ($13.15 in chips) 
Seat 2: dvdhmstar ($21.12 in chips) 
Seat 3: Fabio1502167 ($13.36 in chips) 
Seat 4: sidardiyar ($10.86 in chips) 
Seat 5: lladnar1130 ($9.46 in chips) 
Seat 6: chRiis888 ($9.50 in chips) 
Seat 7: Dorex2007 ($10 in chips) 
Seat 9: dnova1322 ($10.70 in chips) 
chRiis888: posts small blind $0.05
Dorex2007: posts big blind $0.10
zipiQun: sits out 
*** HOLE CARDS ***
Dealt to Dorex2007 [Qc Kc]
dnova1322: folds 
fabri318: folds 
dvdhmstar: folds 
Fabio1502167: folds 
sidardiyar: raises $0.10 to $0.20
lladnar1130: calls $0.20
chRiis888: folds 
Dorex2007: calls $0.10
*** FLOP *** [3s 7h Ah]
Dorex2007: checks 
sidardiyar: bets $1
lladnar1130: folds 
Dorex2007: folds 
Uncalled bet ($1) returned to sidardiyar
sidardiyar collected $0.61 from pot
*** SUMMARY ***
Total pot $0.65 | Rake $0.04 
Board [3s 7h Ah]
Seat 1: fabri318 folded before Flop (didn't bet)
Seat 2: dvdhmstar folded before Flop (didn't bet)
Seat 3: Fabio1502167 folded before Flop (didn't bet)
Seat 4: sidardiyar collected ($0.61)
Seat 5: lladnar1130 (button) folded on the Flop
Seat 6: chRiis888 (small blind) folded before Flop
Seat 7: Dorex2007 (big blind) folded on the Flop
Seat 9: dnova1322 folded before Flop (didn't bet)



PokerStars Hand #238548806860:  Hold'em No Limit ($0.05/$0.10 USD) - 2022/09/10 17:54:49 PT [2022/09/10 20:54:49 ET]
Table 'Carpenter II' 9-max Seat #6 is the button
Seat 1: fabri318 ($13.15 in chips) 
Seat 2: dvdhmstar ($21.12 in chips) 
Seat 3: Fabio1502167 ($13.36 in chips) 
Seat 4: sidardiyar ($11.27 in chips) 
Seat 5: lladnar1130 ($9.26 in chips) 
Seat 6: chRiis888 ($9.45 in chips) 
Seat 7: Dorex2007 ($10 in chips) 
Seat 8: zipiQun ($10 in chips) 
Dorex2007: posts small blind $0.05
zipiQun: posts big blind $0.10
*** HOLE CARDS ***
Dealt to Dorex2007 [6h 5h]
fabri318: folds 
dvdhmstar: folds 
Fabio1502167: raises $0.10 to $0.20
sidardiyar: raises $0.10 to $0.30
lladnar1130: folds 
chRiis888: folds 
Dorex2007: folds 
zipiQun: calls $0.20
Fabio1502167: calls $0.10
*** FLOP *** [4h 6c 8s]
zipiQun: bets $0.50
Fabio1502167: folds 
sidardiyar: calls $0.50
*** TURN *** [4h 6c 8s] [9s]
zipiQun: checks 
sidardiyar: checks 
*** RIVER *** [4h 6c 8s 9s] [Kc]
zipiQun has timed out
zipiQun: checks 
sidardiyar: checks 
*** SHOW DOWN ***
zipiQun: shows [Ad 8d] (a pair of Eights)
sidardiyar: shows [Ks Jh] (a pair of Kings)
sidardiyar collected $1.84 from pot
*** SUMMARY ***
Total pot $1.95 | Rake $0.11 
Board [4h 6c 8s 9s Kc]
Seat 1: fabri318 folded before Flop (didn't bet)
Seat 2: dvdhmstar folded before Flop (didn't bet)
Seat 3: Fabio1502167 folded on the Flop
Seat 4: sidardiyar showed [Ks Jh] and won ($1.84) with a pair of Kings
Seat 5: lladnar1130 folded before Flop (didn't bet)
Seat 6: chRiis888 (button) folded before Flop (didn't bet)
Seat 7: Dorex2007 (small blind) folded before Flop
Seat 8: zipiQun (big blind) showed [Ad 8d] and lost with a pair of Eights



PokerStars Hand #238548821369:  Hold'em No Limit ($0.05/$0.10 USD) - 2022/09/10 17:56:08 PT [2022/09/10 20:56:08 ET]
Table 'Carpenter II' 9-max Seat #7 is the button
Seat 1: fabri318 ($13.15 in chips) 
Seat 2: dvdhmstar ($21.12 in chips) 
Seat 3: Fabio1502167 ($13.06 in chips) 
Seat 4: sidardiyar ($12.31 in chips) 
Seat 5: lladnar1130 ($9.26 in chips) 
Seat 6: chRiis888 ($9.45 in chips) 
Seat 7: Dorex2007 ($10 in chips) 
Seat 8: zipiQun ($10 in chips) 
zipiQun: posts small blind $0.05
fabri318: posts big blind $0.10
*** HOLE CARDS ***
Dealt to Dorex2007 [3d Qs]
dvdhmstar: folds 
Fabio1502167: folds 
sidardiyar: calls $0.10
lladnar1130: folds 
chRiis888: folds 
Dorex2007: folds 
zipiQun: raises $0.50 to $0.60
fabri318: folds 
sidardiyar: calls $0.50
*** FLOP *** [Ac 9h Jh]
zipiQun: bets $0.70
sidardiyar: folds 
Uncalled bet ($0.70) returned to zipiQun
zipiQun collected $1.24 from pot
*** SUMMARY ***
Total pot $1.30 | Rake $0.06 
Board [Ac 9h Jh]
Seat 1: fabri318 (big blind) folded before Flop
Seat 2: dvdhmstar folded before Flop (didn't bet)
Seat 3: Fabio1502167 folded before Flop (didn't bet)
Seat 4: sidardiyar folded on the Flop
Seat 5: lladnar1130 folded before Flop (didn't bet)
Seat 6: chRiis888 folded before Flop (didn't bet)
Seat 7: Dorex2007 (button) folded before Flop (didn't bet)
Seat 8: zipiQun (small blind) collected ($1.24)



PokerStars Hand #238548828786:  Hold'em No Limit ($0.05/$0.10 USD) - 2022/09/10 17:56:48 PT [2022/09/10 20:56:48 ET]
Table 'Carpenter II' 9-max Seat #8 is the button
Seat 2: dvdhmstar ($21.12 in chips) 
Seat 3: Fabio1502167 ($13.06 in chips) 
Seat 4: sidardiyar ($11.71 in chips) 
Seat 5: lladnar1130 ($9.26 in chips) 
Seat 6: chRiis888 ($9.45 in chips) 
Seat 7: Dorex2007 ($10 in chips) 
Seat 8: zipiQun ($10.64 in chips) 
fabri318 has timed out
fabri318: is sitting out 
dvdhmstar: posts small blind $0.05
Fabio1502167: posts big blind $0.10
*** HOLE CARDS ***
Dealt to Dorex2007 [3h Td]
sidardiyar: raises $0.50 to $0.60
lladnar1130: folds 
fabri318 is disconnected 
chRiis888: folds 
Dorex2007: folds 
zipiQun: folds 
dvdhmstar: folds 
Fabio1502167: calls $0.50
*** FLOP *** [Jd 3s 4s]
Fabio1502167: checks 
sidardiyar: bets $11.11 and is all-in
Fabio1502167: folds 
Uncalled bet ($11.11) returned to sidardiyar
sidardiyar collected $1.17 from pot
*** SUMMARY ***
Total pot $1.25 | Rake $0.08 
Board [Jd 3s 4s]
Seat 2: dvdhmstar (small blind) folded before Flop
Seat 3: Fabio1502167 (big blind) folded on the Flop
Seat 4: sidardiyar collected ($1.17)
Seat 5: lladnar1130 folded before Flop (didn't bet)
Seat 6: chRiis888 folded before Flop (didn't bet)
Seat 7: Dorex2007 folded before Flop (didn't bet)
Seat 8: zipiQun (button) folded before Flop (didn't bet)



PokerStars Hand #238548835809:  Hold'em No Limit ($0.05/$0.10 USD) - 2022/09/10 17:57:27 PT [2022/09/10 20:57:27 ET]
Table 'Carpenter II' 9-max Seat #2 is the button
Seat 1: fabri318 ($13.05 in chips) 
Seat 2: dvdhmstar ($21.07 in chips) 
Seat 3: Fabio1502167 ($12.46 in chips) 
Seat 5: lladnar1130 ($9.26 in chips) 
Seat 6: chRiis888 ($9.45 in chips) 
Seat 7: Dorex2007 ($10 in chips) 
Seat 8: zipiQun ($10.64 in chips) 
Fabio1502167: posts small blind $0.05
lladnar1130: posts big blind $0.10
fabri318: posts small blind $0.05
*** HOLE CARDS ***
Dealt to Dorex2007 [5d 7d]
chRiis888: folds 
Dorex2007: folds 
zipiQun: folds 
fabri318: folds 
dvdhmstar: folds 
Fabio1502167: raises $0.10 to $0.20
lladnar1130: calls $0.10
*** FLOP *** [Ks 2h 9c]
Fabio1502167: checks 
lladnar1130: checks 
*** TURN *** [Ks 2h 9c] [Td]
Fabio1502167: bets $0.21
lladnar1130: calls $0.21
*** RIVER *** [Ks 2h 9c Td] [Kh]
Fabio1502167: bets $0.41
lladnar1130: calls $0.41
*** SHOW DOWN ***
Fabio1502167: shows [6c Ac] (a pair of Kings)
lladnar1130: shows [7s Tc] (two pair, Kings and Tens)
lladnar1130 collected $1.61 from pot
*** SUMMARY ***
Total pot $1.69 | Rake $0.08 
Board [Ks 2h 9c Td Kh]
Seat 1: fabri318 folded before Flop (didn't bet)
Seat 2: dvdhmstar (button) folded before Flop (didn't bet)
Seat 3: Fabio1502167 (small blind) showed [6c Ac] and lost with a pair of Kings
Seat 5: lladnar1130 (big blind) showed [7s Tc] and won ($1.61) with two pair, Kings and Tens
Seat 6: chRiis888 folded before Flop (didn't bet)
Seat 7: Dorex2007 folded before Flop (didn't bet)
Seat 8: zipiQun folded before Flop (didn't bet)



PokerStars Hand #238548845526:  Hold'em No Limit ($0.05/$0.10 USD) - 2022/09/10 17:58:21 PT [2022/09/10 20:58:21 ET]
Table 'Carpenter II' 9-max Seat #3 is the button
Seat 1: fabri318 ($13 in chips) 
Seat 2: dvdhmstar ($21.07 in chips) 
Seat 3: Fabio1502167 ($11.64 in chips) 
Seat 5: lladnar1130 ($10.05 in chips) 
Seat 6: chRiis888 ($9.45 in chips) 
Seat 7: Dorex2007 ($10 in chips) 
Seat 8: zipiQun ($10.64 in chips) 
lladnar1130: posts small blind $0.05
chRiis888: posts big blind $0.10
*** HOLE CARDS ***
Dealt to Dorex2007 [8c 8h]
Dorex2007: calls $0.10
zipiQun: folds 
fabri318: folds 
dvdhmstar: folds 
Fabio1502167: calls $0.10
sidardiyar leaves the table
lladnar1130: folds 
chRiis888: checks 
*** FLOP *** [Tc 7c Kd]
chRiis888: checks 
Dorex2007: checks 
Fabio1502167: bets $0.20
chRiis888: folds 
bbqarteeste joins the table at seat #4 
Dorex2007: folds 
Uncalled bet ($0.20) returned to Fabio1502167
Fabio1502167 collected $0.33 from pot
Fabio1502167: doesn't show hand 
*** SUMMARY ***
Total pot $0.35 | Rake $0.02 
Board [Tc 7c Kd]
Seat 1: fabri318 folded before Flop (didn't bet)
Seat 2: dvdhmstar folded before Flop (didn't bet)
Seat 3: Fabio1502167 (button) collected ($0.33)
Seat 5: lladnar1130 (small blind) folded before Flop
Seat 6: chRiis888 (big blind) folded on the Flop
Seat 7: Dorex2007 folded on the Flop
Seat 8: zipiQun folded before Flop (didn't bet)



PokerStars Hand #238548854816:  Hold'em No Limit ($0.05/$0.10 USD) - 2022/09/10 17:59:12 PT [2022/09/10 20:59:12 ET]
Table 'Carpenter II' 9-max Seat #5 is the button
Seat 1: fabri318 ($13 in chips) 
Seat 2: dvdhmstar ($21.07 in chips) 
Seat 3: Fabio1502167 ($11.87 in chips) 
Seat 5: lladnar1130 ($10 in chips) 
Seat 6: chRiis888 ($9.35 in chips) 
Seat 7: Dorex2007 ($10 in chips) 
Seat 8: zipiQun ($10.64 in chips) 
chRiis888: posts small blind $0.05
Dorex2007: posts big blind $0.10
bbqarteeste: sits out 
*** HOLE CARDS ***
Dealt to Dorex2007 [9d 2s]
zipiQun: raises $0.20 to $0.30
fabri318: folds 
dvdhmstar: folds 
Fabio1502167: calls $0.30
lladnar1130: calls $0.30
chRiis888: folds 
Dorex2007: folds 
*** FLOP *** [Kh 2c 9h]
zipiQun: checks 
Fabio1502167: bets $0.50
lladnar1130: folds 
zipiQun: folds 
Uncalled bet ($0.50) returned to Fabio1502167
Fabio1502167 collected $1 from pot
Fabio1502167: doesn't show hand 
*** SUMMARY ***
Total pot $1.05 | Rake $0.05 
Board [Kh 2c 9h]
Seat 1: fabri318 folded before Flop (didn't bet)
Seat 2: dvdhmstar folded before Flop (didn't bet)
Seat 3: Fabio1502167 collected ($1)
Seat 5: lladnar1130 (button) folded on the Flop
Seat 6: chRiis888 (small blind) folded before Flop
Seat 7: Dorex2007 (big blind) folded before Flop
Seat 8: zipiQun folded on the Flop



PokerStars Hand #238548860590:  Hold'em No Limit ($0.05/$0.10 USD) - 2022/09/10 17:59:44 PT [2022/09/10 20:59:44 ET]
Table 'Carpenter II' 9-max Seat #6 is the button
Seat 1: fabri318 ($13 in chips) 
Seat 2: dvdhmstar ($21.07 in chips) 
Seat 3: Fabio1502167 ($12.57 in chips) 
Seat 5: lladnar1130 ($9.70 in chips) 
Seat 6: chRiis888 ($9.30 in chips) 
Seat 7: Dorex2007 ($10 in chips) 
Seat 8: zipiQun ($10.34 in chips) 
Dorex2007: posts small blind $0.05
zipiQun: posts big blind $0.10
bbqarteeste: sits out 
*** HOLE CARDS ***
Dealt to Dorex2007 [Th Td]
fabri318: raises $0.15 to $0.25
dvdhmstar: folds 
Fabio1502167: folds 
lladnar1130: folds 
chRiis888 has timed out
chRiis888: folds 
Dorex2007: raises $0.85 to $1.10
zipiQun: folds 
fabri318: calls $0.85
*** FLOP *** [7c 9h 7s]
Dorex2007: bets $8.90 and is all-in
fabri318: folds 
Uncalled bet ($8.90) returned to Dorex2007
Dorex2007 collected $2.20 from pot
Dorex2007: doesn't show hand 
*** SUMMARY ***
Total pot $2.30 | Rake $0.10 
Board [7c 9h 7s]
Seat 1: fabri318 folded on the Flop
Seat 2: dvdhmstar folded before Flop (didn't bet)
Seat 3: Fabio1502167 folded before Flop (didn't bet)
Seat 5: lladnar1130 folded before Flop (didn't bet)
Seat 6: chRiis888 (button) folded before Flop (didn't bet)
Seat 7: Dorex2007 (small blind) collected ($2.20)
Seat 8: zipiQun (big blind) folded before Flop



PokerStars Hand #238548871633:  Hold'em No Limit ($0.05/$0.10 USD) - 2022/09/10 18:00:42 PT [2022/09/10 21:00:42 ET]
Table 'Carpenter II' 9-max Seat #7 is the button
Seat 1: fabri318 ($11.90 in chips) 
Seat 2: dvdhmstar ($21.07 in chips) 
Seat 3: Fabio1502167 ($12.57 in chips) 
Seat 5: lladnar1130 ($9.70 in chips) 
Seat 6: chRiis888 ($9.30 in chips) 
Seat 7: Dorex2007 ($11.10 in chips) 
Seat 8: zipiQun ($10.24 in chips) 
Seat 9: dnova1322 ($10.70 in chips) 
zipiQun: posts small blind $0.05
dnova1322: posts big blind $0.10
bbqarteeste: sits out 
*** HOLE CARDS ***
Dealt to Dorex2007 [3c 7d]
fabri318: folds 
dvdhmstar: folds 
Fabio1502167: folds 
lladnar1130: folds 
chRiis888: raises $0.15 to $0.25
Dorex2007: folds 
zipiQun: calls $0.20
dnova1322: folds 
*** FLOP *** [8c 4c 6d]
zipiQun: checks 
chRiis888: bets $0.30
zipiQun: folds 
Uncalled bet ($0.30) returned to chRiis888
chRiis888 collected $0.57 from pot
chRiis888: doesn't show hand 
*** SUMMARY ***
Total pot $0.60 | Rake $0.03 
Board [8c 4c 6d]
Seat 1: fabri318 folded before Flop (didn't bet)
Seat 2: dvdhmstar folded before Flop (didn't bet)
Seat 3: Fabio1502167 folded before Flop (didn't bet)
Seat 5: lladnar1130 folded before Flop (didn't bet)
Seat 6: chRiis888 collected ($0.57)
Seat 7: Dorex2007 (button) folded before Flop (didn't bet)
Seat 8: zipiQun (small blind) folded on the Flop
Seat 9: dnova1322 (big blind) folded before Flop



PokerStars Hand #238548882602:  Hold'em No Limit ($0.05/$0.10 USD) - 2022/09/10 18:01:35 PT [2022/09/10 21:01:35 ET]
Table 'Carpenter II' 9-max Seat #8 is the button
Seat 1: fabri318 ($11.90 in chips) 
Seat 2: dvdhmstar ($21.07 in chips) 
Seat 3: Fabio1502167 ($12.57 in chips) 
Seat 5: lladnar1130 ($9.70 in chips) 
Seat 6: chRiis888 ($9.62 in chips) 
Seat 7: Dorex2007 ($11.10 in chips) 
Seat 8: zipiQun ($10 in chips) 
Seat 9: dnova1322 ($10.60 in chips) 
dnova1322: posts small blind $0.05
fabri318: posts big blind $0.10
bbqarteeste: sits out 
*** HOLE CARDS ***
Dealt to Dorex2007 [Ad 8c]
dvdhmstar: folds 
Fabio1502167: raises $0.10 to $0.20
lladnar1130: folds 
chRiis888: folds 
Dorex2007: folds 
zipiQun: folds 
dnova1322: folds 
fabri318: calls $0.10
*** FLOP *** [4c 7h 8h]
fabri318: checks 
Fabio1502167: checks 
*** TURN *** [4c 7h 8h] [3s]
fabri318: checks 
Fabio1502167: checks 
*** RIVER *** [4c 7h 8h 3s] [2d]
fabri318: checks 
Fabio1502167: checks 
*** SHOW DOWN ***
fabri318: shows [Qc Jd] (high card Queen)
Fabio1502167: shows [Js Kd] (high card King)
Fabio1502167 collected $0.43 from pot
*** SUMMARY ***
Total pot $0.45 | Rake $0.02 
Board [4c 7h 8h 3s 2d]
Seat 1: fabri318 (big blind) showed [Qc Jd] and lost with high card Queen
Seat 2: dvdhmstar folded before Flop (didn't bet)
Seat 3: Fabio1502167 showed [Js Kd] and won ($0.43) with high card King
Seat 5: lladnar1130 folded before Flop (didn't bet)
Seat 6: chRiis888 folded before Flop (didn't bet)
Seat 7: Dorex2007 folded before Flop (didn't bet)
Seat 8: zipiQun (button) folded before Flop (didn't bet)
Seat 9: dnova1322 (small blind) folded before Flop



PokerStars Hand #238548894777:  Hold'em No Limit ($0.05/$0.10 USD) - 2022/09/10 18:02:33 PT [2022/09/10 21:02:33 ET]
Table 'Carpenter II' 9-max Seat #9 is the button
Seat 1: fabri318 ($11.70 in chips) 
Seat 3: Fabio1502167 ($12.80 in chips) 
Seat 5: lladnar1130 ($9.70 in chips) 
Seat 6: chRiis888 ($9.62 in chips) 
Seat 7: Dorex2007 ($11.10 in chips) 
Seat 8: zipiQun ($10 in chips) 
Seat 9: dnova1322 ($10.55 in chips) 
fabri318: posts small blind $0.05
dvdhmstar: is sitting out 
Fabio1502167: posts big blind $0.10
bbqarteeste: sits out 
*** HOLE CARDS ***
Dealt to Dorex2007 [9s 8c]
lladnar1130: folds 
dvdhmstar leaves the table
chRiis888: raises $0.10 to $0.20
Dorex2007: folds 
zipiQun: folds 
dnova1322: folds 
fabri318: folds 
Fabio1502167: calls $0.10
*** FLOP *** [9h 3c Qc]
mauserr7 joins the table at seat #2 
Fabio1502167: checks 
chRiis888: bets $0.17
Fabio1502167: raises $0.77 to $0.94
chRiis888: calls $0.77
*** TURN *** [9h 3c Qc] [7c]
Fabio1502167: checks 
chRiis888: bets $0.89
Fabio1502167: folds 
Uncalled bet ($0.89) returned to chRiis888
chRiis888 collected $2.23 from pot
chRiis888: doesn't show hand 
*** SUMMARY ***
Total pot $2.33 | Rake $0.10 
Board [9h 3c Qc 7c]
Seat 1: fabri318 (small blind) folded before Flop
Seat 3: Fabio1502167 (big blind) folded on the Turn
Seat 5: lladnar1130 folded before Flop (didn't bet)
Seat 6: chRiis888 collected ($2.23)
Seat 7: Dorex2007 folded before Flop (didn't bet)
Seat 8: zipiQun folded before Flop (didn't bet)
Seat 9: dnova1322 (button) folded before Flop (didn't bet)



PokerStars Hand #238548906852:  Hold'em No Limit ($0.05/$0.10 USD) - 2022/09/10 18:03:31 PT [2022/09/10 21:03:31 ET]
Table 'Carpenter II' 9-max Seat #1 is the button
Seat 1: fabri318 ($11.65 in chips) 
Seat 3: Fabio1502167 ($11.66 in chips) 
Seat 4: bbqarteeste ($4 in chips) 
Seat 5: lladnar1130 ($9.70 in chips) 
Seat 6: chRiis888 ($10.71 in chips) 
Seat 7: Dorex2007 ($11.10 in chips) 
Seat 8: zipiQun ($10 in chips) 
Seat 9: dnova1322 ($10.55 in chips) 
Fabio1502167: posts small blind $0.05
bbqarteeste: posts big blind $0.10
*** HOLE CARDS ***
Dealt to Dorex2007 [2d 7d]
lladnar1130: folds 
chRiis888: folds 
Dorex2007: folds 
zipiQun: folds 
dnova1322: folds 
fabri318: raises $0.15 to $0.25
Fabio1502167: calls $0.20
bbqarteeste: calls $0.15
*** FLOP *** [Jc 9c 5c]
Fabio1502167: checks 
bbqarteeste: checks 
fabri318: checks 
*** TURN *** [Jc 9c 5c] [Qh]
Fabio1502167: checks 
bbqarteeste: bets $0.10
fabri318: folds 
Fabio1502167: raises $0.92 to $1.02
bbqarteeste: folds 
Uncalled bet ($0.92) returned to Fabio1502167
Fabio1502167 collected $0.91 from pot
Fabio1502167: doesn't show hand 
*** SUMMARY ***
Total pot $0.95 | Rake $0.04 
Board [Jc 9c 5c Qh]
Seat 1: fabri318 (button) folded on the Turn
Seat 3: Fabio1502167 (small blind) collected ($0.91)
Seat 4: bbqarteeste (big blind) folded on the Turn
Seat 5: lladnar1130 folded before Flop (didn't bet)
Seat 6: chRiis888 folded before Flop (didn't bet)
Seat 7: Dorex2007 folded before Flop (didn't bet)
Seat 8: zipiQun folded before Flop (didn't bet)
Seat 9: dnova1322 folded before Flop (didn't bet)



PokerStars Hand #238548920670:  Hold'em No Limit ($0.05/$0.10 USD) - 2022/09/10 18:04:37 PT [2022/09/10 21:04:37 ET]
Table 'Carpenter II' 9-max Seat #3 is the button
Seat 1: fabri318 ($11.40 in chips) 
Seat 3: Fabio1502167 ($12.22 in chips) 
Seat 4: bbqarteeste ($3.65 in chips) 
Seat 5: lladnar1130 ($9.70 in chips) 
Seat 6: chRiis888 ($10.71 in chips) 
Seat 7: Dorex2007 ($11.10 in chips) 
Seat 8: zipiQun ($10 in chips) 
Seat 9: dnova1322 ($10.55 in chips) 
bbqarteeste: posts small blind $0.05
lladnar1130: posts big blind $0.10
mauserr7: sits out 
*** HOLE CARDS ***
Dealt to Dorex2007 [Qc Kd]
chRiis888: folds 
Dorex2007: raises $0.20 to $0.30
zipiQun: raises $0.60 to $0.90
dnova1322: folds 
fabri318: folds 
Fabio1502167: folds 
Fabio1502167 leaves the table
bbqarteeste: calls $0.85
lladnar1130: folds 
Dorex2007: folds 
*** FLOP *** [Td 5h 3s]
bbqarteeste: checks 
zipiQun: bets $1.05
bbqarteeste: calls $1.05
*** TURN *** [Td 5h 3s] [3d]
bbqarteeste: checks 
zipiQun: bets $2.06
GypsyBaron joins the table at seat #3 
bbqarteeste: calls $1.70 and is all-in
Uncalled bet ($0.36) returned to zipiQun
*** RIVER *** [Td 5h 3s 3d] [Jc]
*** SHOW DOWN ***
bbqarteeste: shows [Ks As] (a pair of Threes)
zipiQun: shows [Qs Qd] (two pair, Queens and Threes)
zipiQun collected $7.35 from pot
bbqarteeste cashed out the hand for $1 | Cash Out Fee $0.01
*** SUMMARY ***
Total pot $7.70 | Rake $0.35 
Board [Td 5h 3s 3d Jc]
Seat 1: fabri318 folded before Flop (didn't bet)
Seat 3: Fabio1502167 (button) folded before Flop (didn't bet)
Seat 4: bbqarteeste (small blind) showed [Ks As] and lost with a pair of Threes (cashed out).
Seat 5: lladnar1130 (big blind) folded before Flop
Seat 6: chRiis888 folded before Flop (didn't bet)
Seat 7: Dorex2007 folded before Flop
Seat 8: zipiQun showed [Qs Qd] and won ($7.35) with two pair, Queens and Threes
Seat 9: dnova1322 folded before Flop (didn't bet)



PokerStars Hand #238548930098:  Hold'em No Limit ($0.05/$0.10 USD) - 2022/09/10 18:05:22 PT [2022/09/10 21:05:22 ET]
Table 'Carpenter II' 9-max Seat #4 is the button
Seat 1: fabri318 ($11.40 in chips) 
Seat 4: bbqarteeste ($1 in chips) 
Seat 5: lladnar1130 ($9.60 in chips) 
Seat 6: chRiis888 ($10.71 in chips) 
Seat 7: Dorex2007 ($10.80 in chips) 
Seat 8: zipiQun ($13.70 in chips) 
Seat 9: dnova1322 ($10.55 in chips) 
lladnar1130: posts small blind $0.05
chRiis888: posts big blind $0.10
mauserr7: sits out 
GypsyBaron: sits out 
*** HOLE CARDS ***
Dealt to Dorex2007 [4h Kc]
Dorex2007: folds 
zipiQun: folds 
dnova1322: folds 
fabri318: folds 
bbqarteeste: folds 
lladnar1130: folds 
Uncalled bet ($0.05) returned to chRiis888
chRiis888 collected $0.10 from pot
chRiis888: doesn't show hand 
*** SUMMARY ***
Total pot $0.10 | Rake $0 
Seat 1: fabri318 folded before Flop (didn't bet)
Seat 4: bbqarteeste (button) folded before Flop (didn't bet)
Seat 5: lladnar1130 (small blind) folded before Flop
Seat 6: chRiis888 (big blind) collected ($0.10)
Seat 7: Dorex2007 folded before Flop (didn't bet)
Seat 8: zipiQun folded before Flop (didn't bet)
Seat 9: dnova1322 folded before Flop (didn't bet)



PokerStars Hand #238548936853:  Hold'em No Limit ($0.05/$0.10 USD) - 2022/09/10 18:05:54 PT [2022/09/10 21:05:54 ET]
Table 'Carpenter II' 9-max Seat #5 is the button
Seat 1: fabri318 ($11.40 in chips) 
Seat 4: bbqarteeste ($1 in chips) 
Seat 5: lladnar1130 ($9.55 in chips) 
Seat 6: chRiis888 ($10.76 in chips) 
Seat 7: Dorex2007 ($10.80 in chips) 
Seat 8: zipiQun ($13.70 in chips) 
Seat 9: dnova1322 ($10.55 in chips) 
chRiis888: posts small blind $0.05
Dorex2007: posts big blind $0.10
mauserr7: sits out 
GypsyBaron: sits out 
*** HOLE CARDS ***
Dealt to Dorex2007 [Ah 5d]
zipiQun: folds 
dnova1322: folds 
fabri318: folds 
bbqarteeste: folds 
lladnar1130: folds 
chRiis888: folds 
Uncalled bet ($0.05) returned to Dorex2007
Dorex2007 collected $0.10 from pot
Dorex2007: doesn't show hand 
*** SUMMARY ***
Total pot $0.10 | Rake $0 
Seat 1: fabri318 folded before Flop (didn't bet)
Seat 4: bbqarteeste folded before Flop (didn't bet)
Seat 5: lladnar1130 (button) folded before Flop (didn't bet)
Seat 6: chRiis888 (small blind) folded before Flop
Seat 7: Dorex2007 (big blind) collected ($0.10)
Seat 8: zipiQun folded before Flop (didn't bet)
Seat 9: dnova1322 folded before Flop (didn't bet)



PokerStars Hand #238548979777:  Hold'em No Limit ($0.05/$0.10 USD) - 2022/09/10 18:09:19 PT [2022/09/10 21:09:19 ET]
Table 'Carpenter II' 9-max Seat #4 is the button
Seat 1: fabri318 ($11.45 in chips) 
Seat 2: mauserr7 ($10 in chips) 
Seat 3: GypsyBaron ($10 in chips) 
Seat 4: bbqarteeste ($0.99 in chips) 
Seat 5: lladnar1130 ($10.06 in chips) 
Seat 6: chRiis888 ($10.71 in chips) 
Seat 7: Dorex2007 ($10.85 in chips) 
Seat 8: zipiQun ($13.65 in chips) 
lladnar1130: posts small blind $0.05
chRiis888: posts big blind $0.10
Dorex2007: posts small blind $0.05
Neptune27: sits out 
*** HOLE CARDS ***
Dealt to Dorex2007 [5c 7h]
Dorex2007: folds 
zipiQun: folds 
fabri318: raises $0.15 to $0.25
mauserr7: folds 
GypsyBaron: folds 
bbqarteeste: folds 
lladnar1130: folds 
chRiis888: folds 
Uncalled bet ($0.15) returned to fabri318
fabri318 collected $0.30 from pot
fabri318: doesn't show hand 
*** SUMMARY ***
Total pot $0.30 | Rake $0 
Seat 1: fabri318 collected ($0.30)
Seat 2: mauserr7 folded before Flop (didn't bet)
Seat 3: GypsyBaron folded before Flop (didn't bet)
Seat 4: bbqarteeste (button) folded before Flop (didn't bet)
Seat 5: lladnar1130 (small blind) folded before Flop
Seat 6: chRiis888 (big blind) folded before Flop
Seat 7: Dorex2007 folded before Flop (didn't bet)
Seat 8: zipiQun folded before Flop (didn't bet)



PokerStars Hand #238548984652:  Hold'em No Limit ($0.05/$0.10 USD) - 2022/09/10 18:09:43 PT [2022/09/10 21:09:43 ET]
Table 'Carpenter II' 9-max Seat #5 is the button
Seat 1: fabri318 ($11.65 in chips) 
Seat 2: mauserr7 ($10 in chips) 
Seat 3: GypsyBaron ($10 in chips) 
Seat 4: bbqarteeste ($0.99 in chips) 
Seat 5: lladnar1130 ($10.01 in chips) 
Seat 6: chRiis888 ($10.61 in chips) 
Seat 7: Dorex2007 ($10.80 in chips) 
Seat 8: zipiQun ($13.65 in chips) 
chRiis888: posts small blind $0.05
Dorex2007: posts big blind $0.10
Neptune27: sits out 
*** HOLE CARDS ***
Dealt to Dorex2007 [4c Ad]
zipiQun: folds 
fabri318: folds 
mauserr7: folds 
GypsyBaron: folds 
bbqarteeste: folds 
lladnar1130: raises $0.10 to $0.20
chRiis888: calls $0.15
Dorex2007: folds 
*** FLOP *** [Qc 7d 3h]
chRiis888: checks 
lladnar1130: bets $0.27
chRiis888: folds 
Uncalled bet ($0.27) returned to lladnar1130
lladnar1130 collected $0.48 from pot
lladnar1130: doesn't show hand 
*** SUMMARY ***
Total pot $0.50 | Rake $0.02 
Board [Qc 7d 3h]
Seat 1: fabri318 folded before Flop (didn't bet)
Seat 2: mauserr7 folded before Flop (didn't bet)
Seat 3: GypsyBaron folded before Flop (didn't bet)
Seat 4: bbqarteeste folded before Flop (didn't bet)
Seat 5: lladnar1130 (button) collected ($0.48)
Seat 6: chRiis888 (small blind) folded on the Flop
Seat 7: Dorex2007 (big blind) folded before Flop
Seat 8: zipiQun folded before Flop (didn't bet)



PokerStars Hand #238548994591:  Hold'em No Limit ($0.05/$0.10 USD) - 2022/09/10 18:10:31 PT [2022/09/10 21:10:31 ET]
Table 'Carpenter II' 9-max Seat #6 is the button
Seat 1: fabri318 ($11.65 in chips) 
Seat 2: mauserr7 ($10 in chips) 
Seat 3: GypsyBaron ($10 in chips) 
Seat 4: bbqarteeste ($0.99 in chips) 
Seat 5: lladnar1130 ($10.29 in chips) 
Seat 6: chRiis888 ($10.41 in chips) 
Seat 7: Dorex2007 ($10.70 in chips) 
Seat 8: zipiQun ($13.65 in chips) 
Dorex2007: posts small blind $0.05
zipiQun: posts big blind $0.10
Neptune27: sits out 
*** HOLE CARDS ***
Dealt to Dorex2007 [4h 6h]
fabri318: folds 
mauserr7: folds 
GypsyBaron: folds 
bbqarteeste: folds 
lladnar1130: folds 
chRiis888: folds 
Dorex2007: folds 
Uncalled bet ($0.05) returned to zipiQun
zipiQun collected $0.10 from pot
*** SUMMARY ***
Total pot $0.10 | Rake $0 
Seat 1: fabri318 folded before Flop (didn't bet)
Seat 2: mauserr7 folded before Flop (didn't bet)
Seat 3: GypsyBaron folded before Flop (didn't bet)
Seat 4: bbqarteeste folded before Flop (didn't bet)
Seat 5: lladnar1130 folded before Flop (didn't bet)
Seat 6: chRiis888 (button) folded before Flop (didn't bet)
Seat 7: Dorex2007 (small blind) folded before Flop
Seat 8: zipiQun (big blind) collected ($0.10)



PokerStars Hand #238548998276:  Hold'em No Limit ($0.05/$0.10 USD) - 2022/09/10 18:10:49 PT [2022/09/10 21:10:49 ET]
Table 'Carpenter II' 9-max Seat #7 is the button
Seat 1: fabri318 ($11.65 in chips) 
Seat 2: mauserr7 ($10 in chips) 
Seat 3: GypsyBaron ($10 in chips) 
Seat 4: bbqarteeste ($0.99 in chips) 
Seat 5: lladnar1130 ($10.29 in chips) 
Seat 6: chRiis888 ($10.41 in chips) 
Seat 7: Dorex2007 ($10.65 in chips) 
Seat 8: zipiQun ($13.70 in chips) 
Seat 9: Neptune27 ($10 in chips) 
zipiQun: posts small blind $0.05
Neptune27: posts big blind $0.10
*** HOLE CARDS ***
Dealt to Dorex2007 [5h 5s]
fabri318: folds 
mauserr7: folds 
GypsyBaron: folds 
bbqarteeste: folds 
lladnar1130: folds 
chRiis888: folds 
Dorex2007: raises $0.10 to $0.20
zipiQun: folds 
Neptune27: folds 
Uncalled bet ($0.10) returned to Dorex2007
Dorex2007 collected $0.25 from pot
Dorex2007: doesn't show hand 
*** SUMMARY ***
Total pot $0.25 | Rake $0 
Seat 1: fabri318 folded before Flop (didn't bet)
Seat 2: mauserr7 folded before Flop (didn't bet)
Seat 3: GypsyBaron folded before Flop (didn't bet)
Seat 4: bbqarteeste folded before Flop (didn't bet)
Seat 5: lladnar1130 folded before Flop (didn't bet)
Seat 6: chRiis888 folded before Flop (didn't bet)
Seat 7: Dorex2007 (button) collected ($0.25)
Seat 8: zipiQun (small blind) folded before Flop
Seat 9: Neptune27 (big blind) folded before Flop



PokerStars Hand #238549003523:  Hold'em No Limit ($0.05/$0.10 USD) - 2022/09/10 18:11:14 PT [2022/09/10 21:11:14 ET]
Table 'Carpenter II' 9-max Seat #8 is the button
Seat 1: fabri318 ($11.65 in chips) 
Seat 2: mauserr7 ($10 in chips) 
Seat 3: GypsyBaron ($10 in chips) 
Seat 4: bbqarteeste ($0.99 in chips) 
Seat 5: lladnar1130 ($10.29 in chips) 
Seat 6: chRiis888 ($10.41 in chips) 
Seat 7: Dorex2007 ($10.80 in chips) 
Seat 8: zipiQun ($13.65 in chips) 
Seat 9: Neptune27 ($10 in chips) 
Neptune27: posts small blind $0.05
fabri318: posts big blind $0.10
*** HOLE CARDS ***
Dealt to Dorex2007 [7h 3c]
mauserr7: folds 
GypsyBaron: folds 
bbqarteeste: calls $0.10
lladnar1130: folds 
chRiis888: folds 
Dorex2007: folds 
zipiQun: folds 
Neptune27: calls $0.05
fabri318: checks 
*** FLOP *** [6s 7d Jd]
Neptune27: checks 
fabri318: bets $0.22
bbqarteeste: folds 
Neptune27: folds 
Uncalled bet ($0.22) returned to fabri318
fabri318 collected $0.29 from pot
fabri318: doesn't show hand 
*** SUMMARY ***
Total pot $0.30 | Rake $0.01 
Board [6s 7d Jd]
Seat 1: fabri318 (big blind) collected ($0.29)
Seat 2: mauserr7 folded before Flop (didn't bet)
Seat 3: GypsyBaron folded before Flop (didn't bet)
Seat 4: bbqarteeste folded on the Flop
Seat 5: lladnar1130 folded before Flop (didn't bet)
Seat 6: chRiis888 folded before Flop (didn't bet)
Seat 7: Dorex2007 folded before Flop (didn't bet)
Seat 8: zipiQun (button) folded before Flop (didn't bet)
Seat 9: Neptune27 (small blind) folded on the Flop



PokerStars Hand #238549014439:  Hold'em No Limit ($0.05/$0.10 USD) - 2022/09/10 18:12:07 PT [2022/09/10 21:12:07 ET]
Table 'Carpenter II' 9-max Seat #9 is the button
Seat 1: fabri318 ($11.84 in chips) 
Seat 2: mauserr7 ($10 in chips) 
Seat 3: GypsyBaron ($10 in chips) 
Seat 4: bbqarteeste ($0.89 in chips) 
Seat 5: lladnar1130 ($10.29 in chips) 
Seat 6: chRiis888 ($10.41 in chips) 
Seat 7: Dorex2007 ($10.80 in chips) 
Seat 8: zipiQun ($13.65 in chips) 
Seat 9: Neptune27 ($10 in chips) 
fabri318: posts small blind $0.05
mauserr7: posts big blind $0.10
*** HOLE CARDS ***
Dealt to Dorex2007 [Th 2d]
GypsyBaron: folds 
bbqarteeste: folds 
lladnar1130: folds 
chRiis888: folds 
Dorex2007: folds 
zipiQun: raises $0.15 to $0.25
Neptune27: folds 
fabri318: folds 
mauserr7: folds 
Uncalled bet ($0.15) returned to zipiQun
zipiQun collected $0.25 from pot
*** SUMMARY ***
Total pot $0.25 | Rake $0 
Seat 1: fabri318 (small blind) folded before Flop
Seat 2: mauserr7 (big blind) folded before Flop
Seat 3: GypsyBaron folded before Flop (didn't bet)
Seat 4: bbqarteeste folded before Flop (didn't bet)
Seat 5: lladnar1130 folded before Flop (didn't bet)
Seat 6: chRiis888 folded before Flop (didn't bet)
Seat 7: Dorex2007 folded before Flop (didn't bet)
Seat 8: zipiQun collected ($0.25)
Seat 9: Neptune27 (button) folded before Flop (didn't bet)



PokerStars Hand #238549019752:  Hold'em No Limit ($0.05/$0.10 USD) - 2022/09/10 18:12:33 PT [2022/09/10 21:12:33 ET]
Table 'Carpenter II' 9-max Seat #1 is the button
Seat 1: fabri318 ($11.79 in chips) 
Seat 2: mauserr7 ($10 in chips) 
Seat 3: GypsyBaron ($10 in chips) 
Seat 4: bbqarteeste ($0.89 in chips) 
Seat 5: lladnar1130 ($10.29 in chips) 
Seat 6: chRiis888 ($10.41 in chips) 
Seat 7: Dorex2007 ($10.80 in chips) 
Seat 8: zipiQun ($13.80 in chips) 
Seat 9: Neptune27 ($10 in chips) 
mauserr7: posts small blind $0.05
GypsyBaron: posts big blind $0.10
*** HOLE CARDS ***
Dealt to Dorex2007 [Ah Js]
bbqarteeste has timed out
bbqarteeste: folds 
lladnar1130: folds 
chRiis888: folds 
Dorex2007: raises $0.25 to $0.35
zipiQun: folds 
Neptune27: folds 
fabri318: folds 
mauserr7: folds 
GypsyBaron: folds 
Uncalled bet ($0.25) returned to Dorex2007
Dorex2007 collected $0.25 from pot
Dorex2007: doesn't show hand 
*** SUMMARY ***
Total pot $0.25 | Rake $0 
Seat 1: fabri318 (button) folded before Flop (didn't bet)
Seat 2: mauserr7 (small blind) folded before Flop
Seat 3: GypsyBaron (big blind) folded before Flop
Seat 4: bbqarteeste folded before Flop (didn't bet)
Seat 5: lladnar1130 folded before Flop (didn't bet)
Seat 6: chRiis888 folded before Flop (didn't bet)
Seat 7: Dorex2007 collected ($0.25)
Seat 8: zipiQun folded before Flop (didn't bet)
Seat 9: Neptune27 folded before Flop (didn't bet)



PokerStars Hand #238549025455:  Hold'em No Limit ($0.05/$0.10 USD) - 2022/09/10 18:13:01 PT [2022/09/10 21:13:01 ET]
Table 'Carpenter II' 9-max Seat #2 is the button
Seat 1: fabri318 ($11.79 in chips) 
Seat 2: mauserr7 ($10 in chips) 
Seat 3: GypsyBaron ($10 in chips) 
Seat 4: bbqarteeste ($0.89 in chips) 
Seat 5: lladnar1130 ($10.29 in chips) 
Seat 6: chRiis888 ($10.41 in chips) 
Seat 7: Dorex2007 ($10.95 in chips) 
Seat 8: zipiQun ($13.80 in chips) 
Seat 9: Neptune27 ($10 in chips) 
GypsyBaron: posts small blind $0.05
bbqarteeste: posts big blind $0.10
*** HOLE CARDS ***
Dealt to Dorex2007 [3c Ac]
lladnar1130: folds 
chRiis888: folds 
Dorex2007: folds 
zipiQun: folds 
Neptune27: raises $0.15 to $0.25
fabri318: folds 
mauserr7: folds 
GypsyBaron: folds 
bbqarteeste: folds 
Uncalled bet ($0.15) returned to Neptune27
Neptune27 collected $0.25 from pot
*** SUMMARY ***
Total pot $0.25 | Rake $0 
Seat 1: fabri318 folded before Flop (didn't bet)
Seat 2: mauserr7 (button) folded before Flop (didn't bet)
Seat 3: GypsyBaron (small blind) folded before Flop
Seat 4: bbqarteeste (big blind) folded before Flop
Seat 5: lladnar1130 folded before Flop (didn't bet)
Seat 6: chRiis888 folded before Flop (didn't bet)
Seat 7: Dorex2007 folded before Flop (didn't bet)
Seat 8: zipiQun folded before Flop (didn't bet)
Seat 9: Neptune27 collected ($0.25)



PokerStars Hand #238549030527:  Hold'em No Limit ($0.05/$0.10 USD) - 2022/09/10 18:13:25 PT [2022/09/10 21:13:25 ET]
Table 'Carpenter II' 9-max Seat #3 is the button
Seat 1: fabri318 ($11.79 in chips) 
Seat 2: mauserr7 ($10 in chips) 
Seat 3: GypsyBaron ($10 in chips) 
Seat 4: bbqarteeste ($0.79 in chips) 
Seat 5: lladnar1130 ($10.29 in chips) 
Seat 6: chRiis888 ($10.41 in chips) 
Seat 7: Dorex2007 ($10.95 in chips) 
Seat 8: zipiQun ($13.80 in chips) 
Seat 9: Neptune27 ($10.15 in chips) 
bbqarteeste: posts small blind $0.05
lladnar1130: posts big blind $0.10
*** HOLE CARDS ***
Dealt to Dorex2007 [Qh 7h]
chRiis888: folds 
Dorex2007: folds 
zipiQun: folds 
Neptune27: folds 
fabri318: folds 
mauserr7: raises $0.15 to $0.25
GypsyBaron: folds 
bbqarteeste: folds 
lladnar1130: calls $0.15
*** FLOP *** [3h As Ad]
lladnar1130: checks 
mauserr7: checks 
*** TURN *** [3h As Ad] [3s]
lladnar1130: checks 
mauserr7: checks 
*** RIVER *** [3h As Ad 3s] [Ts]
lladnar1130: bets $0.30
mauserr7: folds 
Uncalled bet ($0.30) returned to lladnar1130
lladnar1130 collected $0.53 from pot
lladnar1130: doesn't show hand 
*** SUMMARY ***
Total pot $0.55 | Rake $0.02 
Board [3h As Ad 3s Ts]
Seat 1: fabri318 folded before Flop (didn't bet)
Seat 2: mauserr7 folded on the River
Seat 3: GypsyBaron (button) folded before Flop (didn't bet)
Seat 4: bbqarteeste (small blind) folded before Flop
Seat 5: lladnar1130 (big blind) collected ($0.53)
Seat 6: chRiis888 folded before Flop (didn't bet)
Seat 7: Dorex2007 folded before Flop (didn't bet)
Seat 8: zipiQun folded before Flop (didn't bet)
Seat 9: Neptune27 folded before Flop (didn't bet)



PokerStars Hand #238549044115:  Hold'em No Limit ($0.05/$0.10 USD) - 2022/09/10 18:14:32 PT [2022/09/10 21:14:32 ET]
Table 'Carpenter II' 9-max Seat #4 is the button
Seat 1: fabri318 ($11.79 in chips) 
Seat 2: mauserr7 ($10 in chips) 
Seat 3: GypsyBaron ($10 in chips) 
Seat 4: bbqarteeste ($0.74 in chips) 
Seat 5: lladnar1130 ($10.57 in chips) 
Seat 6: chRiis888 ($10.41 in chips) 
Seat 7: Dorex2007 ($10.95 in chips) 
Seat 8: zipiQun ($13.80 in chips) 
Seat 9: Neptune27 ($10.15 in chips) 
lladnar1130: posts small blind $0.05
chRiis888: posts big blind $0.10
*** HOLE CARDS ***
Dealt to Dorex2007 [3d Tc]
Dorex2007: folds 
zipiQun: raises $0.20 to $0.30
Neptune27: folds 
fabri318: folds 
mauserr7: folds 
GypsyBaron: folds 
bbqarteeste: folds 
lladnar1130: folds 
chRiis888: folds 
Uncalled bet ($0.20) returned to zipiQun
zipiQun collected $0.25 from pot
*** SUMMARY ***
Total pot $0.25 | Rake $0 
Seat 1: fabri318 folded before Flop (didn't bet)
Seat 2: mauserr7 folded before Flop (didn't bet)
Seat 3: GypsyBaron folded before Flop (didn't bet)
Seat 4: bbqarteeste (button) folded before Flop (didn't bet)
Seat 5: lladnar1130 (small blind) folded before Flop
Seat 6: chRiis888 (big blind) folded before Flop
Seat 7: Dorex2007 folded before Flop (didn't bet)
Seat 8: zipiQun collected ($0.25)
Seat 9: Neptune27 folded before Flop (didn't bet)



PokerStars Hand #238549048101:  Hold'em No Limit ($0.05/$0.10 USD) - 2022/09/10 18:14:51 PT [2022/09/10 21:14:51 ET]
Table 'Carpenter II' 9-max Seat #5 is the button
Seat 1: fabri318 ($11.79 in chips) 
Seat 2: mauserr7 ($10 in chips) 
Seat 3: GypsyBaron ($10 in chips) 
Seat 4: bbqarteeste ($0.74 in chips) 
Seat 5: lladnar1130 ($10.52 in chips) 
Seat 6: chRiis888 ($10.31 in chips) 
Seat 7: Dorex2007 ($10.95 in chips) 
Seat 8: zipiQun ($13.95 in chips) 
Seat 9: Neptune27 ($10.15 in chips) 
chRiis888: posts small blind $0.05
Dorex2007: posts big blind $0.10
*** HOLE CARDS ***
Dealt to Dorex2007 [4s Th]
zipiQun: folds 
Neptune27: folds 
fabri318: folds 
mauserr7: folds 
GypsyBaron: folds 
bbqarteeste: folds 
lladnar1130: folds 
chRiis888: raises $0.15 to $0.25
Dorex2007: folds 
Uncalled bet ($0.15) returned to chRiis888
chRiis888 collected $0.20 from pot
chRiis888: doesn't show hand 
*** SUMMARY ***
Total pot $0.20 | Rake $0 
Seat 1: fabri318 folded before Flop (didn't bet)
Seat 2: mauserr7 folded before Flop (didn't bet)
Seat 3: GypsyBaron folded before Flop (didn't bet)
Seat 4: bbqarteeste folded before Flop (didn't bet)
Seat 5: lladnar1130 (button) folded before Flop (didn't bet)
Seat 6: chRiis888 (small blind) collected ($0.20)
Seat 7: Dorex2007 (big blind) folded before Flop
Seat 8: zipiQun folded before Flop (didn't bet)
Seat 9: Neptune27 folded before Flop (didn't bet)



PokerStars Hand #238549052173:  Hold'em No Limit ($0.05/$0.10 USD) - 2022/09/10 18:15:11 PT [2022/09/10 21:15:11 ET]
Table 'Carpenter II' 9-max Seat #6 is the button
Seat 1: fabri318 ($11.79 in chips) 
Seat 2: mauserr7 ($10 in chips) 
Seat 3: GypsyBaron ($10 in chips) 
Seat 4: bbqarteeste ($0.74 in chips) 
Seat 5: lladnar1130 ($10.52 in chips) 
Seat 6: chRiis888 ($10.41 in chips) 
Seat 7: Dorex2007 ($10.85 in chips) 
Seat 8: zipiQun ($13.95 in chips) 
Seat 9: Neptune27 ($10.15 in chips) 
Dorex2007: posts small blind $0.05
zipiQun: posts big blind $0.10
*** HOLE CARDS ***
Dealt to Dorex2007 [Qs Ks]
Neptune27: folds 
fabri318: folds 
mauserr7: folds 
GypsyBaron: folds 
bbqarteeste: folds 
lladnar1130: folds 
chRiis888: folds 
Dorex2007: raises $0.20 to $0.30
zipiQun: folds 
Uncalled bet ($0.20) returned to Dorex2007
Dorex2007 collected $0.20 from pot
Dorex2007: doesn't show hand 
*** SUMMARY ***
Total pot $0.20 | Rake $0 
Seat 1: fabri318 folded before Flop (didn't bet)
Seat 2: mauserr7 folded before Flop (didn't bet)
Seat 3: GypsyBaron folded before Flop (didn't bet)
Seat 4: bbqarteeste folded before Flop (didn't bet)
Seat 5: lladnar1130 folded before Flop (didn't bet)
Seat 6: chRiis888 (button) folded before Flop (didn't bet)
Seat 7: Dorex2007 (small blind) collected ($0.20)
Seat 8: zipiQun (big blind) folded before Flop
Seat 9: Neptune27 folded before Flop (didn't bet)



PokerStars Hand #238549056832:  Hold'em No Limit ($0.05/$0.10 USD) - 2022/09/10 18:15:34 PT [2022/09/10 21:15:34 ET]
Table 'Carpenter II' 9-max Seat #7 is the button
Seat 1: fabri318 ($11.79 in chips) 
Seat 2: mauserr7 ($10 in chips) 
Seat 3: GypsyBaron ($10 in chips) 
Seat 4: bbqarteeste ($0.74 in chips) 
Seat 5: lladnar1130 ($10.52 in chips) 
Seat 6: chRiis888 ($10.41 in chips) 
Seat 7: Dorex2007 ($10.95 in chips) 
Seat 8: zipiQun ($13.85 in chips) 
Seat 9: Neptune27 ($10.15 in chips) 
zipiQun: posts small blind $0.05
Neptune27: posts big blind $0.10
*** HOLE CARDS ***
Dealt to Dorex2007 [Ah 4c]
fabri318: folds 
mauserr7: folds 
GypsyBaron: folds 
bbqarteeste: folds 
lladnar1130: folds 
chRiis888: raises $0.15 to $0.25
Dorex2007: folds 
zipiQun: folds 
Neptune27: folds 
Uncalled bet ($0.15) returned to chRiis888
chRiis888 collected $0.25 from pot
chRiis888: doesn't show hand 
*** SUMMARY ***
Total pot $0.25 | Rake $0 
Seat 1: fabri318 folded before Flop (didn't bet)
Seat 2: mauserr7 folded before Flop (didn't bet)
Seat 3: GypsyBaron folded before Flop (didn't bet)
Seat 4: bbqarteeste folded before Flop (didn't bet)
Seat 5: lladnar1130 folded before Flop (didn't bet)
Seat 6: chRiis888 collected ($0.25)
Seat 7: Dorex2007 (button) folded before Flop (didn't bet)
Seat 8: zipiQun (small blind) folded before Flop
Seat 9: Neptune27 (big blind) folded before Flop



PokerStars Hand #238549064140:  Hold'em No Limit ($0.05/$0.10 USD) - 2022/09/10 18:16:10 PT [2022/09/10 21:16:10 ET]
Table 'Carpenter II' 9-max Seat #8 is the button
Seat 1: fabri318 ($11.79 in chips) 
Seat 2: mauserr7 ($10 in chips) 
Seat 3: GypsyBaron ($10 in chips) 
Seat 4: bbqarteeste ($0.74 in chips) 
Seat 5: lladnar1130 ($10.52 in chips) 
Seat 6: chRiis888 ($10.56 in chips) 
Seat 7: Dorex2007 ($10.95 in chips) 
Seat 8: zipiQun ($13.80 in chips) 
Seat 9: Neptune27 ($10.05 in chips) 
Neptune27: posts small blind $0.05
fabri318: posts big blind $0.10
*** HOLE CARDS ***
Dealt to Dorex2007 [Ah 6c]
mauserr7: folds 
GypsyBaron: folds 
bbqarteeste: folds 
lladnar1130: folds 
chRiis888: folds 
Dorex2007: folds 
zipiQun: folds 
Neptune27: raises $0.15 to $0.25
fabri318: calls $0.15
*** FLOP *** [6s 3d 6h]
Neptune27: checks 
fabri318: bets $0.16
Neptune27: calls $0.16
*** TURN *** [6s 3d 6h] [Qc]
Neptune27: checks 
fabri318: bets $0.59
Neptune27: folds 
Uncalled bet ($0.59) returned to fabri318
fabri318 collected $0.78 from pot
fabri318: doesn't show hand 
*** SUMMARY ***
Total pot $0.82 | Rake $0.04 
Board [6s 3d 6h Qc]
Seat 1: fabri318 (big blind) collected ($0.78)
Seat 2: mauserr7 folded before Flop (didn't bet)
Seat 3: GypsyBaron folded before Flop (didn't bet)
Seat 4: bbqarteeste folded before Flop (didn't bet)
Seat 5: lladnar1130 folded before Flop (didn't bet)
Seat 6: chRiis888 folded before Flop (didn't bet)
Seat 7: Dorex2007 folded before Flop (didn't bet)
Seat 8: zipiQun (button) folded before Flop (didn't bet)
Seat 9: Neptune27 (small blind) folded on the Turn



PokerStars Hand #238549079669:  Hold'em No Limit ($0.05/$0.10 USD) - 2022/09/10 18:17:27 PT [2022/09/10 21:17:27 ET]
Table 'Carpenter II' 9-max Seat #9 is the button
Seat 1: fabri318 ($12.16 in chips) 
Seat 2: mauserr7 ($10 in chips) 
Seat 3: GypsyBaron ($10 in chips) 
Seat 4: bbqarteeste ($0.74 in chips) 
Seat 5: lladnar1130 ($10.52 in chips) 
Seat 6: chRiis888 ($10.56 in chips) 
Seat 7: Dorex2007 ($10.95 in chips) 
Seat 8: zipiQun ($13.80 in chips) 
Seat 9: Neptune27 ($10 in chips) 
fabri318: posts small blind $0.05
mauserr7: posts big blind $0.10
*** HOLE CARDS ***
Dealt to Dorex2007 [4c 3s]
GypsyBaron: folds 
bbqarteeste: folds 
lladnar1130: folds 
chRiis888 has timed out
chRiis888: folds 
Dorex2007: folds 
zipiQun: folds 
Neptune27: raises $0.15 to $0.25
fabri318: folds 
mauserr7: folds 
Uncalled bet ($0.15) returned to Neptune27
Neptune27 collected $0.25 from pot
*** SUMMARY ***
Total pot $0.25 | Rake $0 
Seat 1: fabri318 (small blind) folded before Flop
Seat 2: mauserr7 (big blind) folded before Flop
Seat 3: GypsyBaron folded before Flop (didn't bet)
Seat 4: bbqarteeste folded before Flop (didn't bet)
Seat 5: lladnar1130 folded before Flop (didn't bet)
Seat 6: chRiis888 folded before Flop (didn't bet)
Seat 7: Dorex2007 folded before Flop (didn't bet)
Seat 8: zipiQun folded before Flop (didn't bet)
Seat 9: Neptune27 (button) collected ($0.25)



PokerStars Hand #238549085481:  Hold'em No Limit ($0.05/$0.10 USD) - 2022/09/10 18:17:57 PT [2022/09/10 21:17:57 ET]
Table 'Carpenter II' 9-max Seat #1 is the button
Seat 1: fabri318 ($12.11 in chips) 
Seat 2: mauserr7 ($10 in chips) 
Seat 3: GypsyBaron ($10 in chips) 
Seat 4: bbqarteeste ($0.74 in chips) 
Seat 5: lladnar1130 ($10.52 in chips) 
Seat 6: chRiis888 ($10.56 in chips) 
Seat 7: Dorex2007 ($10.95 in chips) 
Seat 8: zipiQun ($13.80 in chips) 
Seat 9: Neptune27 ($10.15 in chips) 
mauserr7: posts small blind $0.05
GypsyBaron: posts big blind $0.10
*** HOLE CARDS ***
Dealt to Dorex2007 [Td 6d]
bbqarteeste: folds 
lladnar1130: folds 
chRiis888: calls $0.10
Dorex2007: folds 
zipiQun: folds 
Neptune27: raises $0.30 to $0.40
fabri318: folds 
mauserr7: folds 
GypsyBaron: folds 
chRiis888: folds 
Uncalled bet ($0.30) returned to Neptune27
Neptune27 collected $0.35 from pot
*** SUMMARY ***
Total pot $0.35 | Rake $0 
Seat 1: fabri318 (button) folded before Flop (didn't bet)
Seat 2: mauserr7 (small blind) folded before Flop
Seat 3: GypsyBaron (big blind) folded before Flop
Seat 4: bbqarteeste folded before Flop (didn't bet)
Seat 5: lladnar1130 folded before Flop (didn't bet)
Seat 6: chRiis888 folded before Flop
Seat 7: Dorex2007 folded before Flop (didn't bet)
Seat 8: zipiQun folded before Flop (didn't bet)
Seat 9: Neptune27 collected ($0.35)



PokerStars Hand #238549093594:  Hold'em No Limit ($0.05/$0.10 USD) - 2022/09/10 18:18:37 PT [2022/09/10 21:18:37 ET]
Table 'Carpenter II' 9-max Seat #2 is the button
Seat 1: fabri318 ($12.11 in chips) 
Seat 2: mauserr7 ($10 in chips) 
Seat 3: GypsyBaron ($10 in chips) 
Seat 4: bbqarteeste ($0.74 in chips) 
Seat 5: lladnar1130 ($10.52 in chips) 
Seat 6: chRiis888 ($10.46 in chips) 
Seat 7: Dorex2007 ($10.95 in chips) 
Seat 8: zipiQun ($13.80 in chips) 
Seat 9: Neptune27 ($10.40 in chips) 
GypsyBaron: posts small blind $0.05
bbqarteeste: posts big blind $0.10
*** HOLE CARDS ***
Dealt to Dorex2007 [Jh Ks]
lladnar1130: folds 
chRiis888: folds 
Dorex2007: raises $0.10 to $0.20
zipiQun: folds 
Neptune27: folds 
fabri318: folds 
mauserr7: folds 
GypsyBaron: folds 
bbqarteeste: calls $0.10
*** FLOP *** [4h As Qd]
bbqarteeste: checks 
Dorex2007: bets $0.29
bbqarteeste: folds 
Uncalled bet ($0.29) returned to Dorex2007
Dorex2007 collected $0.43 from pot
Dorex2007: doesn't show hand 
*** SUMMARY ***
Total pot $0.45 | Rake $0.02 
Board [4h As Qd]
Seat 1: fabri318 folded before Flop (didn't bet)
Seat 2: mauserr7 (button) folded before Flop (didn't bet)
Seat 3: GypsyBaron (small blind) folded before Flop
Seat 4: bbqarteeste (big blind) folded on the Flop
Seat 5: lladnar1130 folded before Flop (didn't bet)
Seat 6: chRiis888 folded before Flop (didn't bet)
Seat 7: Dorex2007 collected ($0.43)
Seat 8: zipiQun folded before Flop (didn't bet)
Seat 9: Neptune27 folded before Flop (didn't bet)



PokerStars Hand #238549102392:  Hold'em No Limit ($0.05/$0.10 USD) - 2022/09/10 18:19:21 PT [2022/09/10 21:19:21 ET]
Table 'Carpenter II' 9-max Seat #3 is the button
Seat 1: fabri318 ($12.11 in chips) 
Seat 2: mauserr7 ($10 in chips) 
Seat 3: GypsyBaron ($10 in chips) 
Seat 4: bbqarteeste ($0.54 in chips) 
Seat 5: lladnar1130 ($10.52 in chips) 
Seat 6: chRiis888 ($10.46 in chips) 
Seat 7: Dorex2007 ($11.18 in chips) 
Seat 8: zipiQun ($13.80 in chips) 
Seat 9: Neptune27 ($10.40 in chips) 
bbqarteeste: posts small blind $0.05
lladnar1130: posts big blind $0.10
*** HOLE CARDS ***
Dealt to Dorex2007 [9s 9c]
chRiis888: folds 
Dorex2007: raises $0.10 to $0.20
zipiQun: folds 
Neptune27: folds 
fabri318: folds 
mauserr7: raises $0.60 to $0.80
GypsyBaron: folds 
bbqarteeste: folds 
lladnar1130: folds 
Dorex2007: folds 
Uncalled bet ($0.60) returned to mauserr7
mauserr7 collected $0.55 from pot
mauserr7: doesn't show hand 
*** SUMMARY ***
Total pot $0.55 | Rake $0 
Seat 1: fabri318 folded before Flop (didn't bet)
Seat 2: mauserr7 collected ($0.55)
Seat 3: GypsyBaron (button) folded before Flop (didn't bet)
Seat 4: bbqarteeste (small blind) folded before Flop
Seat 5: lladnar1130 (big blind) folded before Flop
Seat 6: chRiis888 folded before Flop (didn't bet)
Seat 7: Dorex2007 folded before Flop
Seat 8: zipiQun folded before Flop (didn't bet)
Seat 9: Neptune27 folded before Flop (didn't bet)



PokerStars Hand #238549106862:  Hold'em No Limit ($0.05/$0.10 USD) - 2022/09/10 18:19:44 PT [2022/09/10 21:19:44 ET]
Table 'Carpenter II' 9-max Seat #4 is the button
Seat 1: fabri318 ($12.11 in chips) 
Seat 2: mauserr7 ($10.35 in chips) 
Seat 3: GypsyBaron ($10 in chips) 
Seat 4: bbqarteeste ($0.49 in chips) 
Seat 5: lladnar1130 ($10.42 in chips) 
Seat 6: chRiis888 ($10.46 in chips) 
Seat 7: Dorex2007 ($10.98 in chips) 
Seat 8: zipiQun ($13.80 in chips) 
Seat 9: Neptune27 ($10.40 in chips) 
lladnar1130: posts small blind $0.05
chRiis888: posts big blind $0.10
*** HOLE CARDS ***
Dealt to Dorex2007 [Ad 8h]
Dorex2007: folds 
zipiQun: folds 
Neptune27: folds 
fabri318: raises $0.15 to $0.25
mauserr7: folds 
GypsyBaron: folds 
bbqarteeste: folds 
lladnar1130: folds 
chRiis888: calls $0.15
*** FLOP *** [9c 3d 3c]
chRiis888: checks 
fabri318: bets $0.17
chRiis888: raises $0.23 to $0.40
fabri318: calls $0.23
*** TURN *** [9c 3d 3c] [Th]
chRiis888: bets $0.39
fabri318: folds 
Uncalled bet ($0.39) returned to chRiis888
chRiis888 collected $1.29 from pot
chRiis888: doesn't show hand 
*** SUMMARY ***
Total pot $1.35 | Rake $0.06 
Board [9c 3d 3c Th]
Seat 1: fabri318 folded on the Turn
Seat 2: mauserr7 folded before Flop (didn't bet)
Seat 3: GypsyBaron folded before Flop (didn't bet)
Seat 4: bbqarteeste (button) folded before Flop (didn't bet)
Seat 5: lladnar1130 (small blind) folded before Flop
Seat 6: chRiis888 (big blind) collected ($1.29)
Seat 7: Dorex2007 folded before Flop (didn't bet)
Seat 8: zipiQun folded before Flop (didn't bet)
Seat 9: Neptune27 folded before Flop (didn't bet)



PokerStars Hand #238549119054:  Hold'em No Limit ($0.05/$0.10 USD) - 2022/09/10 18:20:44 PT [2022/09/10 21:20:44 ET]
Table 'Carpenter II' 9-max Seat #5 is the button
Seat 1: fabri318 ($11.46 in chips) 
Seat 2: mauserr7 ($10.35 in chips) 
Seat 3: GypsyBaron ($10 in chips) 
Seat 4: bbqarteeste ($0.49 in chips) 
Seat 5: lladnar1130 ($10.37 in chips) 
Seat 6: chRiis888 ($11.10 in chips) 
Seat 7: Dorex2007 ($10.98 in chips) 
Seat 8: zipiQun ($13.80 in chips) 
Seat 9: Neptune27 ($10.40 in chips) 
chRiis888: posts small blind $0.05
Dorex2007: posts big blind $0.10
*** HOLE CARDS ***
Dealt to Dorex2007 [5s 9d]
zipiQun: folds 
Neptune27: folds 
fabri318: folds 
mauserr7: folds 
GypsyBaron: folds 
bbqarteeste has timed out
bbqarteeste: folds 
lladnar1130: folds 
chRiis888: raises $0.10 to $0.20
Dorex2007: folds 
Uncalled bet ($0.10) returned to chRiis888
chRiis888 collected $0.20 from pot
chRiis888: doesn't show hand 
*** SUMMARY ***
Total pot $0.20 | Rake $0 
Seat 1: fabri318 folded before Flop (didn't bet)
Seat 2: mauserr7 folded before Flop (didn't bet)
Seat 3: GypsyBaron folded before Flop (didn't bet)
Seat 4: bbqarteeste folded before Flop (didn't bet)
Seat 5: lladnar1130 (button) folded before Flop (didn't bet)
Seat 6: chRiis888 (small blind) collected ($0.20)
Seat 7: Dorex2007 (big blind) folded before Flop
Seat 8: zipiQun folded before Flop (didn't bet)
Seat 9: Neptune27 folded before Flop (didn't bet)



PokerStars Hand #238549123969:  Hold'em No Limit ($0.05/$0.10 USD) - 2022/09/10 18:21:08 PT [2022/09/10 21:21:08 ET]
Table 'Carpenter II' 9-max Seat #6 is the button
Seat 1: fabri318 ($11.46 in chips) 
Seat 2: mauserr7 ($10.35 in chips) 
Seat 3: GypsyBaron ($10 in chips) 
Seat 5: lladnar1130 ($10.37 in chips) 
Seat 6: chRiis888 ($11.20 in chips) 
Seat 7: Dorex2007 ($10.88 in chips) 
Seat 8: zipiQun ($13.80 in chips) 
Seat 9: Neptune27 ($10.40 in chips) 
Dorex2007: posts small blind $0.05
zipiQun: posts big blind $0.10
*** HOLE CARDS ***
Dealt to Dorex2007 [As 6h]
Neptune27: folds 
fabri318: folds 
mauserr7: folds 
GypsyBaron: folds 
lladnar1130: folds 
chRiis888: raises $0.10 to $0.20
Dorex2007: folds 
zipiQun: folds 
Uncalled bet ($0.10) returned to chRiis888
chRiis888 collected $0.25 from pot
chRiis888: doesn't show hand 
*** SUMMARY ***
Total pot $0.25 | Rake $0 
Seat 1: fabri318 folded before Flop (didn't bet)
Seat 2: mauserr7 folded before Flop (didn't bet)
Seat 3: GypsyBaron folded before Flop (didn't bet)
Seat 5: lladnar1130 folded before Flop (didn't bet)
Seat 6: chRiis888 (button) collected ($0.25)
Seat 7: Dorex2007 (small blind) folded before Flop
Seat 8: zipiQun (big blind) folded before Flop
Seat 9: Neptune27 folded before Flop (didn't bet)



PokerStars Hand #238549128850:  Hold'em No Limit ($0.05/$0.10 USD) - 2022/09/10 18:21:33 PT [2022/09/10 21:21:33 ET]
Table 'Carpenter II' 9-max Seat #7 is the button
Seat 1: fabri318 ($11.46 in chips) 
Seat 2: mauserr7 ($10.35 in chips) 
Seat 3: GypsyBaron ($10 in chips) 
Seat 4: bbqarteeste ($0.49 in chips) 
Seat 5: lladnar1130 ($10.37 in chips) 
Seat 6: chRiis888 ($11.35 in chips) 
Seat 7: Dorex2007 ($10.83 in chips) 
Seat 8: zipiQun ($13.70 in chips) 
zipiQun: posts small blind $0.05
Neptune27: is sitting out 
fabri318: posts big blind $0.10
*** HOLE CARDS ***
Dealt to Dorex2007 [8c 9h]
mauserr7: folds 
GypsyBaron: folds 
bbqarteeste: folds 
lladnar1130: folds 
chRiis888: folds 
Dorex2007: folds 
zipiQun: folds 
Uncalled bet ($0.05) returned to fabri318
fabri318 collected $0.10 from pot
fabri318: doesn't show hand 
*** SUMMARY ***
Total pot $0.10 | Rake $0 
Seat 1: fabri318 (big blind) collected ($0.10)
Seat 2: mauserr7 folded before Flop (didn't bet)
Seat 3: GypsyBaron folded before Flop (didn't bet)
Seat 4: bbqarteeste folded before Flop (didn't bet)
Seat 5: lladnar1130 folded before Flop (didn't bet)
Seat 6: chRiis888 folded before Flop (didn't bet)
Seat 7: Dorex2007 (button) folded before Flop (didn't bet)
Seat 8: zipiQun (small blind) folded before Flop



PokerStars Hand #238549132702:  Hold'em No Limit ($0.05/$0.10 USD) - 2022/09/10 18:21:52 PT [2022/09/10 21:21:52 ET]
Table 'Carpenter II' 9-max Seat #8 is the button
Seat 1: fabri318 ($11.51 in chips) 
Seat 2: mauserr7 ($10.35 in chips) 
Seat 3: GypsyBaron ($10 in chips) 
Seat 4: bbqarteeste ($0.49 in chips) 
Seat 5: lladnar1130 ($10.37 in chips) 
Seat 6: chRiis888 ($11.35 in chips) 
Seat 7: Dorex2007 ($10.83 in chips) 
Seat 8: zipiQun ($13.65 in chips) 
fabri318: posts small blind $0.05
mauserr7: posts big blind $0.10
*** HOLE CARDS ***
Dealt to Dorex2007 [Qd 3c]
GypsyBaron: raises $0.20 to $0.30
bbqarteeste: calls $0.30
lladnar1130: folds 
chRiis888: folds 
Dorex2007: folds 
zipiQun: folds 
fabri318: folds 
mauserr7: folds 
*** FLOP *** [4d Qh 4s]
GypsyBaron: bets $0.36
Neptune27 leaves the table
bbqarteeste: calls $0.19 and is all-in
Uncalled bet ($0.17) returned to GypsyBaron
*** TURN *** [4d Qh 4s] [4h]
*** RIVER *** [4d Qh 4s 4h] [8s]
*** SHOW DOWN ***
GypsyBaron: shows [Ad Qs] (a full house, Fours full of Queens)
bbqarteeste: shows [Jh Td] (three of a kind, Fours)
GypsyBaron collected $1.08 from pot
*** SUMMARY ***
Total pot $1.13 | Rake $0.05 
Board [4d Qh 4s 4h 8s]
Seat 1: fabri318 (small blind) folded before Flop
Seat 2: mauserr7 (big blind) folded before Flop
Seat 3: GypsyBaron showed [Ad Qs] and won ($1.08) with a full house, Fours full of Queens
Seat 4: bbqarteeste showed [Jh Td] and lost with three of a kind, Fours
Seat 5: lladnar1130 folded before Flop (didn't bet)
Seat 6: chRiis888 folded before Flop (didn't bet)
Seat 7: Dorex2007 folded before Flop (didn't bet)
Seat 8: zipiQun (button) folded before Flop (didn't bet)



PokerStars Hand #238549140716:  Hold'em No Limit ($0.05/$0.10 USD) - 2022/09/10 18:22:32 PT [2022/09/10 21:22:32 ET]
Table 'Carpenter II' 9-max Seat #1 is the button
Seat 1: fabri318 ($11.46 in chips) 
Seat 2: mauserr7 ($10.25 in chips) 
Seat 3: GypsyBaron ($10.59 in chips) 
Seat 5: lladnar1130 ($10.37 in chips) 
Seat 6: chRiis888 ($11.35 in chips) 
Seat 7: Dorex2007 ($10.83 in chips) 
Seat 8: zipiQun ($13.65 in chips) 
mauserr7: posts small blind $0.05
GypsyBaron: posts big blind $0.10
*** HOLE CARDS ***
Dealt to Dorex2007 [3d Ah]
lladnar1130: folds 
chRiis888: folds 
Dorex2007: folds 
zipiQun: folds 
fabri318: folds 
mauserr7: raises $0.15 to $0.25
GypsyBaron: folds 
Uncalled bet ($0.15) returned to mauserr7
mauserr7 collected $0.20 from pot
mauserr7: doesn't show hand 
*** SUMMARY ***
Total pot $0.20 | Rake $0 
Seat 1: fabri318 (button) folded before Flop (didn't bet)
Seat 2: mauserr7 (small blind) collected ($0.20)
Seat 3: GypsyBaron (big blind) folded before Flop
Seat 5: lladnar1130 folded before Flop (didn't bet)
Seat 6: chRiis888 folded before Flop (didn't bet)
Seat 7: Dorex2007 folded before Flop (didn't bet)
Seat 8: zipiQun folded before Flop (didn't bet)



PokerStars Hand #238549143558:  Hold'em No Limit ($0.05/$0.10 USD) - 2022/09/10 18:22:46 PT [2022/09/10 21:22:46 ET]
Table 'Carpenter II' 9-max Seat #2 is the button
Seat 1: fabri318 ($11.46 in chips) 
Seat 2: mauserr7 ($10.35 in chips) 
Seat 3: GypsyBaron ($10.49 in chips) 
Seat 5: lladnar1130 ($10.37 in chips) 
Seat 6: chRiis888 ($11.35 in chips) 
Seat 7: Dorex2007 ($10.83 in chips) 
Seat 8: zipiQun ($13.65 in chips) 
GypsyBaron: posts small blind $0.05
lladnar1130: posts big blind $0.10
*** HOLE CARDS ***
Dealt to Dorex2007 [4h 8c]
chRiis888: folds 
Dorex2007: folds 
zipiQun: folds 
fabri318: folds 
mauserr7: folds 
GypsyBaron: folds 
Uncalled bet ($0.05) returned to lladnar1130
lladnar1130 collected $0.10 from pot
lladnar1130: doesn't show hand 
*** SUMMARY ***
Total pot $0.10 | Rake $0 
Seat 1: fabri318 folded before Flop (didn't bet)
Seat 2: mauserr7 (button) folded before Flop (didn't bet)
Seat 3: GypsyBaron (small blind) folded before Flop
Seat 5: lladnar1130 (big blind) collected ($0.10)
Seat 6: chRiis888 folded before Flop (didn't bet)
Seat 7: Dorex2007 folded before Flop (didn't bet)
Seat 8: zipiQun folded before Flop (didn't bet)



PokerStars Hand #238549146718:  Hold'em No Limit ($0.05/$0.10 USD) - 2022/09/10 18:23:02 PT [2022/09/10 21:23:02 ET]
Table 'Carpenter II' 9-max Seat #3 is the button
Seat 1: fabri318 ($11.46 in chips) 
Seat 2: mauserr7 ($10.35 in chips) 
Seat 3: GypsyBaron ($10.44 in chips) 
Seat 5: lladnar1130 ($10.42 in chips) 
Seat 6: chRiis888 ($11.35 in chips) 
Seat 7: Dorex2007 ($10.83 in chips) 
Seat 8: zipiQun ($13.65 in chips) 
lladnar1130: posts small blind $0.05
chRiis888: posts big blind $0.10
*** HOLE CARDS ***
Dealt to Dorex2007 [Tc Kd]
Dorex2007: folds 
zipiQun: folds 
fabri318: folds 
mauserr7: folds 
GypsyBaron: folds 
lladnar1130: calls $0.05
chRiis888: raises $0.15 to $0.25
lladnar1130: calls $0.15
*** FLOP *** [Ad 6s Qh]
lladnar1130: checks 
chRiis888: checks 
*** TURN *** [Ad 6s Qh] [5d]
lladnar1130: checks 
chRiis888: bets $0.19
lladnar1130: folds 
Uncalled bet ($0.19) returned to chRiis888
chRiis888 collected $0.48 from pot
chRiis888: doesn't show hand 
*** SUMMARY ***
Total pot $0.50 | Rake $0.02 
Board [Ad 6s Qh 5d]
Seat 1: fabri318 folded before Flop (didn't bet)
Seat 2: mauserr7 folded before Flop (didn't bet)
Seat 3: GypsyBaron (button) folded before Flop (didn't bet)
Seat 5: lladnar1130 (small blind) folded on the Turn
Seat 6: chRiis888 (big blind) collected ($0.48)
Seat 7: Dorex2007 folded before Flop (didn't bet)
Seat 8: zipiQun folded before Flop (didn't bet)



PokerStars Hand #238549155358:  Hold'em No Limit ($0.05/$0.10 USD) - 2022/09/10 18:23:45 PT [2022/09/10 21:23:45 ET]
Table 'Carpenter II' 9-max Seat #5 is the button
Seat 1: fabri318 ($11.46 in chips) 
Seat 2: mauserr7 ($10.35 in chips) 
Seat 3: GypsyBaron ($10.44 in chips) 
Seat 5: lladnar1130 ($10.17 in chips) 
Seat 6: chRiis888 ($11.58 in chips) 
Seat 7: Dorex2007 ($10.83 in chips) 
Seat 8: zipiQun ($13.65 in chips) 
chRiis888: posts small blind $0.05
Dorex2007: posts big blind $0.10
*** HOLE CARDS ***
Dealt to Dorex2007 [Td 3c]
zipiQun: raises $0.20 to $0.30
fabri318: folds 
bbqarteeste leaves the table
mauserr7: folds 
GypsyBaron: folds 
lladnar1130: calls $0.30
chRiis888: folds 
Dorex2007: folds 
*** FLOP *** [5d 3d Kc]
zipiQun: checks 
lladnar1130: bets $0.41
zipiQun: calls $0.41
*** TURN *** [5d 3d Kc] [4s]
zipiQun: checks 
lladnar1130: bets $0.86
zipiQun: raises $1.72 to $2.58
lladnar1130: folds 
Uncalled bet ($1.72) returned to zipiQun
zipiQun collected $3.14 from pot
*** SUMMARY ***
Total pot $3.29 | Rake $0.15 
Board [5d 3d Kc 4s]
Seat 1: fabri318 folded before Flop (didn't bet)
Seat 2: mauserr7 folded before Flop (didn't bet)
Seat 3: GypsyBaron folded before Flop (didn't bet)
Seat 5: lladnar1130 (button) folded on the Turn
Seat 6: chRiis888 (small blind) folded before Flop
Seat 7: Dorex2007 (big blind) folded before Flop
Seat 8: zipiQun collected ($3.14)



PokerStars Hand #238549167470:  Hold'em No Limit ($0.05/$0.10 USD) - 2022/09/10 18:24:46 PT [2022/09/10 21:24:46 ET]
Table 'Carpenter II' 9-max Seat #6 is the button
Seat 1: fabri318 ($11.46 in chips) 
Seat 2: mauserr7 ($10.35 in chips) 
Seat 3: GypsyBaron ($10.44 in chips) 
Seat 5: lladnar1130 ($8.60 in chips) 
Seat 6: chRiis888 ($11.53 in chips) 
Seat 7: Dorex2007 ($10.73 in chips) 
Seat 8: zipiQun ($15.22 in chips) 
Dorex2007: posts small blind $0.05
zipiQun: posts big blind $0.10
*** HOLE CARDS ***
Dealt to Dorex2007 [As Qs]
fabri318: folds 
mauserr7: folds 
GypsyBaron: folds 
lladnar1130: folds 
chRiis888: folds 
Dorex2007: raises $0.20 to $0.30
zipiQun: folds 
Uncalled bet ($0.20) returned to Dorex2007
Dorex2007 collected $0.20 from pot
Dorex2007: doesn't show hand 
*** SUMMARY ***
Total pot $0.20 | Rake $0 
Seat 1: fabri318 folded before Flop (didn't bet)
Seat 2: mauserr7 folded before Flop (didn't bet)
Seat 3: GypsyBaron folded before Flop (didn't bet)
Seat 5: lladnar1130 folded before Flop (didn't bet)
Seat 6: chRiis888 (button) folded before Flop (didn't bet)
Seat 7: Dorex2007 (small blind) collected ($0.20)
Seat 8: zipiQun (big blind) folded before Flop



PokerStars Hand #238549171010:  Hold'em No Limit ($0.05/$0.10 USD) - 2022/09/10 18:25:04 PT [2022/09/10 21:25:04 ET]
Table 'Carpenter II' 9-max Seat #7 is the button
Seat 1: fabri318 ($11.46 in chips) 
Seat 2: mauserr7 ($10.35 in chips) 
Seat 3: GypsyBaron ($10.44 in chips) 
Seat 5: lladnar1130 ($10 in chips) 
Seat 6: chRiis888 ($11.53 in chips) 
Seat 7: Dorex2007 ($10.83 in chips) 
Seat 8: zipiQun ($15.12 in chips) 
zipiQun: posts small blind $0.05
fabri318: posts big blind $0.10
*** HOLE CARDS ***
Dealt to Dorex2007 [8c 6c]
mauserr7: folds 
GypsyBaron: folds 
lladnar1130: folds 
chRiis888: raises $0.10 to $0.20
Dorex2007: folds 
zipiQun: folds 
fabri318: calls $0.10
*** FLOP *** [5c 2s Ac]
fabri318: checks 
chRiis888: bets $0.26
fabri318: folds 
Uncalled bet ($0.26) returned to chRiis888
chRiis888 collected $0.43 from pot
chRiis888: doesn't show hand 
*** SUMMARY ***
Total pot $0.45 | Rake $0.02 
Board [5c 2s Ac]
Seat 1: fabri318 (big blind) folded on the Flop
Seat 2: mauserr7 folded before Flop (didn't bet)
Seat 3: GypsyBaron folded before Flop (didn't bet)
Seat 5: lladnar1130 folded before Flop (didn't bet)
Seat 6: chRiis888 collected ($0.43)
Seat 7: Dorex2007 (button) folded before Flop (didn't bet)
Seat 8: zipiQun (small blind) folded before Flop



PokerStars Hand #238549178976:  Hold'em No Limit ($0.05/$0.10 USD) - 2022/09/10 18:25:44 PT [2022/09/10 21:25:44 ET]
Table 'Carpenter II' 9-max Seat #8 is the button
Seat 1: fabri318 ($11.26 in chips) 
Seat 2: mauserr7 ($10.35 in chips) 
Seat 3: GypsyBaron ($10.44 in chips) 
Seat 5: lladnar1130 ($10 in chips) 
Seat 6: chRiis888 ($11.76 in chips) 
Seat 7: Dorex2007 ($10.83 in chips) 
Seat 8: zipiQun ($15.07 in chips) 
fabri318: posts small blind $0.05
mauserr7: posts big blind $0.10
*** HOLE CARDS ***
Dealt to Dorex2007 [Qh 3s]
GypsyBaron: folds 
lladnar1130: folds 
chRiis888: folds 
Dorex2007: folds 
zipiQun: folds 
fabri318: raises $0.20 to $0.30
mauserr7: calls $0.20
*** FLOP *** [5c 9s Qc]
fabri318: bets $0.19
mauserr7: calls $0.19
*** TURN *** [5c 9s Qc] [5d]
fabri318: bets $0.71
mauserr7: folds 
Uncalled bet ($0.71) returned to fabri318
fabri318 collected $0.94 from pot
fabri318: doesn't show hand 
*** SUMMARY ***
Total pot $0.98 | Rake $0.04 
Board [5c 9s Qc 5d]
Seat 1: fabri318 (small blind) collected ($0.94)
Seat 2: mauserr7 (big blind) folded on the Turn
Seat 3: GypsyBaron folded before Flop (didn't bet)
Seat 5: lladnar1130 folded before Flop (didn't bet)
Seat 6: chRiis888 folded before Flop (didn't bet)
Seat 7: Dorex2007 folded before Flop (didn't bet)
Seat 8: zipiQun (button) folded before Flop (didn't bet)



PokerStars Hand #238549188181:  Hold'em No Limit ($0.05/$0.10 USD) - 2022/09/10 18:26:31 PT [2022/09/10 21:26:31 ET]
Table 'Carpenter II' 9-max Seat #1 is the button
Seat 1: fabri318 ($11.71 in chips) 
Seat 2: mauserr7 ($10 in chips) 
Seat 3: GypsyBaron ($10.44 in chips) 
Seat 5: lladnar1130 ($10 in chips) 
Seat 6: chRiis888 ($11.76 in chips) 
Seat 7: Dorex2007 ($10.83 in chips) 
Seat 8: zipiQun ($15.07 in chips) 
mauserr7: posts small blind $0.05
GypsyBaron: posts big blind $0.10
*** HOLE CARDS ***
Dealt to Dorex2007 [Qs 7d]
lladnar1130: raises $0.13 to $0.23
chRiis888: folds 
Dorex2007: folds 
zipiQun: folds 
fabri318: folds 
mauserr7: folds 
GypsyBaron: folds 
Uncalled bet ($0.13) returned to lladnar1130
lladnar1130 collected $0.25 from pot
lladnar1130: doesn't show hand 
*** SUMMARY ***
Total pot $0.25 | Rake $0 
Seat 1: fabri318 (button) folded before Flop (didn't bet)
Seat 2: mauserr7 (small blind) folded before Flop
Seat 3: GypsyBaron (big blind) folded before Flop
Seat 5: lladnar1130 collected ($0.25)
Seat 6: chRiis888 folded before Flop (didn't bet)
Seat 7: Dorex2007 folded before Flop (didn't bet)
Seat 8: zipiQun folded before Flop (didn't bet)



PokerStars Hand #238549192923:  Hold'em No Limit ($0.05/$0.10 USD) - 2022/09/10 18:26:55 PT [2022/09/10 21:26:55 ET]
Table 'Carpenter II' 9-max Seat #2 is the button
Seat 1: fabri318 ($11.71 in chips) 
Seat 2: mauserr7 ($10 in chips) 
Seat 3: GypsyBaron ($10.34 in chips) 
Seat 5: lladnar1130 ($10.15 in chips) 
Seat 6: chRiis888 ($11.76 in chips) 
Seat 7: Dorex2007 ($10.83 in chips) 
Seat 8: zipiQun ($15.07 in chips) 
GypsyBaron: posts small blind $0.05
lladnar1130: posts big blind $0.10
*** HOLE CARDS ***
Dealt to Dorex2007 [9d Jh]
chRiis888: folds 
Dorex2007: folds 
zipiQun: folds 
fabri318: folds 
mauserr7: raises $0.20 to $0.30
GypsyBaron: folds 
redneckgardener joins the table at seat #9 
lladnar1130: calls $0.20
*** FLOP *** [4s 3h 8c]
lladnar1130: checks 
Mr.Cleaner17 joins the table at seat #4 
mauserr7: checks 
*** TURN *** [4s 3h 8c] [Ks]
lladnar1130: checks 
mauserr7: checks 
*** RIVER *** [4s 3h 8c Ks] [Tc]
lladnar1130: checks 
mauserr7: checks 
*** SHOW DOWN ***
lladnar1130: shows [7s 7d] (a pair of Sevens)
mauserr7: mucks hand 
lladnar1130 collected $0.62 from pot
*** SUMMARY ***
Total pot $0.65 | Rake $0.03 
Board [4s 3h 8c Ks Tc]
Seat 1: fabri318 folded before Flop (didn't bet)
Seat 2: mauserr7 (button) mucked [Ad Js]
Seat 3: GypsyBaron (small blind) folded before Flop
Seat 5: lladnar1130 (big blind) showed [7s 7d] and won ($0.62) with a pair of Sevens
Seat 6: chRiis888 folded before Flop (didn't bet)
Seat 7: Dorex2007 folded before Flop (didn't bet)
Seat 8: zipiQun folded before Flop (didn't bet)



PokerStars Hand #238549199009:  Hold'em No Limit ($0.05/$0.10 USD) - 2022/09/10 18:27:26 PT [2022/09/10 21:27:26 ET]
Table 'Carpenter II' 9-max Seat #3 is the button
Seat 1: fabri318 ($11.71 in chips) 
Seat 2: mauserr7 ($10 in chips) 
Seat 3: GypsyBaron ($10.29 in chips) 
Seat 5: lladnar1130 ($10.47 in chips) 
Seat 6: chRiis888 ($11.76 in chips) 
Seat 7: Dorex2007 ($10.83 in chips) 
Seat 8: zipiQun ($15.07 in chips) 
Seat 9: redneckgardener ($4 in chips) 
lladnar1130: posts small blind $0.05
chRiis888: posts big blind $0.10
redneckgardener: posts big blind $0.10
*** HOLE CARDS ***
Dealt to Dorex2007 [6h 7c]
Dorex2007: folds 
zipiQun: raises $0.20 to $0.30
redneckgardener: folds 
fabri318: folds 
mauserr7: folds 
GypsyBaron: calls $0.30
lladnar1130: folds 
chRiis888: folds 
*** FLOP *** [2s Td 8c]
zipiQun: checks 
GypsyBaron: bets $0.40
zipiQun: calls $0.40
*** TURN *** [2s Td 8c] [Kh]
zipiQun: checks 
GypsyBaron: bets $0.79
zipiQun: folds 
Uncalled bet ($0.79) returned to GypsyBaron
GypsyBaron collected $1.58 from pot
*** SUMMARY ***
Total pot $1.65 | Rake $0.07 
Board [2s Td 8c Kh]
Seat 1: fabri318 folded before Flop (didn't bet)
Seat 2: mauserr7 folded before Flop (didn't bet)
Seat 3: GypsyBaron (button) collected ($1.58)
Seat 5: lladnar1130 (small blind) folded before Flop
Seat 6: chRiis888 (big blind) folded before Flop
Seat 7: Dorex2007 folded before Flop (didn't bet)
Seat 8: zipiQun folded on the Turn
Seat 9: redneckgardener folded before Flop (didn't bet)



PokerStars Hand #238549206814:  Hold'em No Limit ($0.05/$0.10 USD) - 2022/09/10 18:28:06 PT [2022/09/10 21:28:06 ET]
Table 'Carpenter II' 9-max Seat #5 is the button
Seat 1: fabri318 ($11.71 in chips) 
Seat 2: mauserr7 ($10 in chips) 
Seat 3: GypsyBaron ($11.17 in chips) 
Seat 5: lladnar1130 ($10.42 in chips) 
Seat 6: chRiis888 ($11.66 in chips) 
Seat 7: Dorex2007 ($10.83 in chips) 
Seat 8: zipiQun ($14.37 in chips) 
Seat 9: redneckgardener ($3.90 in chips) 
chRiis888: posts small blind $0.05
Dorex2007: posts big blind $0.10
Mr.Cleaner17: sits out 
*** HOLE CARDS ***
Dealt to Dorex2007 [5h 9c]
zipiQun: folds 
redneckgardener: folds 
fabri318: raises $0.15 to $0.25
mauserr7: folds 
GypsyBaron: folds 
lladnar1130: folds 
chRiis888: folds 
Dorex2007: folds 
Uncalled bet ($0.15) returned to fabri318
fabri318 collected $0.25 from pot
fabri318: doesn't show hand 
*** SUMMARY ***
Total pot $0.25 | Rake $0 
Seat 1: fabri318 collected ($0.25)
Seat 2: mauserr7 folded before Flop (didn't bet)
Seat 3: GypsyBaron folded before Flop (didn't bet)
Seat 5: lladnar1130 (button) folded before Flop (didn't bet)
Seat 6: chRiis888 (small blind) folded before Flop
Seat 7: Dorex2007 (big blind) folded before Flop
Seat 8: zipiQun folded before Flop (didn't bet)
Seat 9: redneckgardener folded before Flop (didn't bet)



PokerStars Hand #238549210805:  Hold'em No Limit ($0.05/$0.10 USD) - 2022/09/10 18:28:26 PT [2022/09/10 21:28:26 ET]
Table 'Carpenter II' 9-max Seat #6 is the button
Seat 1: fabri318 ($11.86 in chips) 
Seat 2: mauserr7 ($10 in chips) 
Seat 3: GypsyBaron ($11.17 in chips) 
Seat 5: lladnar1130 ($10.42 in chips) 
Seat 6: chRiis888 ($11.61 in chips) 
Seat 7: Dorex2007 ($10.73 in chips) 
Seat 9: redneckgardener ($3.90 in chips) 
Dorex2007: posts small blind $0.05
zipiQun: is sitting out 
redneckgardener: posts big blind $0.10
Mr.Cleaner17: sits out 
*** HOLE CARDS ***
Dealt to Dorex2007 [Ac Qh]
fabri318: folds 
mauserr7: folds 
GypsyBaron: folds 
lladnar1130: folds 
chRiis888: folds 
Dorex2007: folds 
Uncalled bet ($0.05) returned to redneckgardener
redneckgardener collected $0.10 from pot
redneckgardener: doesn't show hand 
*** SUMMARY ***
Total pot $0.10 | Rake $0 
Seat 1: fabri318 folded before Flop (didn't bet)
Seat 2: mauserr7 folded before Flop (didn't bet)
Seat 3: GypsyBaron folded before Flop (didn't bet)
Seat 5: lladnar1130 folded before Flop (didn't bet)
Seat 6: chRiis888 (button) folded before Flop (didn't bet)
Seat 7: Dorex2007 (small blind) folded before Flop
Seat 9: redneckgardener (big blind) collected ($0.10)



PokerStars Hand #238549213014:  Hold'em No Limit ($0.05/$0.10 USD) - 2022/09/10 18:28:37 PT [2022/09/10 21:28:37 ET]
Table 'Carpenter II' 9-max Seat #7 is the button
Seat 1: fabri318 ($11.86 in chips) 
Seat 2: mauserr7 ($10 in chips) 
Seat 3: GypsyBaron ($11.17 in chips) 
Seat 5: lladnar1130 ($10.42 in chips) 
Seat 6: chRiis888 ($11.61 in chips) 
Seat 7: Dorex2007 ($10.68 in chips) 
Seat 9: redneckgardener ($3.95 in chips) 
redneckgardener: posts small blind $0.05
fabri318: posts big blind $0.10
Mr.Cleaner17: sits out 
*** HOLE CARDS ***
Dealt to Dorex2007 [5h 3d]
mauserr7: raises $0.20 to $0.30
GypsyBaron: calls $0.30
lladnar1130: folds 
chRiis888: folds 
Dorex2007: folds 
redneckgardener has timed out
redneckgardener: folds 
fabri318: folds 
*** FLOP *** [Qh 8d Ts]
mauserr7: checks 
GypsyBaron: bets $0.36
mauserr7: calls $0.36
*** TURN *** [Qh 8d Ts] [Td]
mauserr7: checks 
GypsyBaron: bets $0.70
mauserr7: folds 
Uncalled bet ($0.70) returned to GypsyBaron
GypsyBaron collected $1.40 from pot
*** SUMMARY ***
Total pot $1.47 | Rake $0.07 
Board [Qh 8d Ts Td]
Seat 1: fabri318 (big blind) folded before Flop
Seat 2: mauserr7 folded on the Turn
Seat 3: GypsyBaron collected ($1.40)
Seat 5: lladnar1130 folded before Flop (didn't bet)
Seat 6: chRiis888 folded before Flop (didn't bet)
Seat 7: Dorex2007 (button) folded before Flop (didn't bet)
Seat 9: redneckgardener (small blind) folded before Flop



PokerStars Hand #238549228627:  Hold'em No Limit ($0.05/$0.10 USD) - 2022/09/10 18:29:57 PT [2022/09/10 21:29:57 ET]
Table 'Carpenter II' 9-max Seat #9 is the button
Seat 1: fabri318 ($11.76 in chips) 
Seat 3: GypsyBaron ($11.91 in chips) 
Seat 4: Mr.Cleaner17 ($10 in chips) 
Seat 5: lladnar1130 ($10.42 in chips) 
Seat 6: chRiis888 ($11.61 in chips) 
Seat 7: Dorex2007 ($10.68 in chips) 
Seat 9: redneckgardener ($3.90 in chips) 
fabri318: posts small blind $0.05
mauserr7: is sitting out 
GypsyBaron: posts big blind $0.10
mauserr7 leaves the table
Mr.Cleaner17: posts big blind $0.10
zipiQun: sits out 
*** HOLE CARDS ***
Dealt to Dorex2007 [5d 8d]
Mr.Cleaner17: checks 
lladnar1130: calls $0.10
chRiis888: folds 
Dorex2007: folds 
redneckgardener: calls $0.10
fabri318: folds 
GypsyBaron: raises $0.85 to $0.95
Mr.Cleaner17: folds 
lladnar1130: folds 
redneckgardener: calls $0.85
*** FLOP *** [6h Jc 2d]
GypsyBaron: bets $1.02
redneckgardener: folds 
Uncalled bet ($1.02) returned to GypsyBaron
GypsyBaron collected $2.05 from pot
*** SUMMARY ***
Total pot $2.15 | Rake $0.10 
Board [6h Jc 2d]
Seat 1: fabri318 (small blind) folded before Flop
Seat 3: GypsyBaron (big blind) collected ($2.05)
Seat 4: Mr.Cleaner17 folded before Flop (didn't bet)
Seat 5: lladnar1130 folded before Flop
Seat 6: chRiis888 folded before Flop (didn't bet)
Seat 7: Dorex2007 folded before Flop (didn't bet)
Seat 9: redneckgardener (button) folded on the Flop



PokerStars Hand #238549242676:  Hold'em No Limit ($0.05/$0.10 USD) - 2022/09/10 18:31:08 PT [2022/09/10 21:31:08 ET]
Table 'Carpenter II' 9-max Seat #1 is the button
Seat 1: fabri318 ($11.71 in chips) 
Seat 3: GypsyBaron ($13.01 in chips) 
Seat 4: Mr.Cleaner17 ($10 in chips) 
Seat 5: lladnar1130 ($10.32 in chips) 
Seat 6: chRiis888 ($11.61 in chips) 
Seat 7: Dorex2007 ($10.68 in chips) 
Seat 9: redneckgardener ($2.95 in chips) 
GypsyBaron: posts small blind $0.05
Mr.Cleaner17: posts big blind $0.10
zipiQun: sits out 
*** HOLE CARDS ***
Dealt to Dorex2007 [5d 7c]
chRiis888 is disconnected 
lladnar1130: folds 
chRiis888 is connected 
chRiis888: folds 
Dorex2007: folds 
redneckgardener: folds 
fabri318: raises $0.15 to $0.25
GypsyBaron: folds 
Mr.Cleaner17: folds 
Uncalled bet ($0.15) returned to fabri318
fabri318 collected $0.25 from pot
fabri318: doesn't show hand 
*** SUMMARY ***
Total pot $0.25 | Rake $0 
Seat 1: fabri318 (button) collected ($0.25)
Seat 3: GypsyBaron (small blind) folded before Flop
Seat 4: Mr.Cleaner17 (big blind) folded before Flop
Seat 5: lladnar1130 folded before Flop (didn't bet)
Seat 6: chRiis888 folded before Flop (didn't bet)
Seat 7: Dorex2007 folded before Flop (didn't bet)
Seat 9: redneckgardener folded before Flop (didn't bet)



PokerStars Hand #238549246039:  Hold'em No Limit ($0.05/$0.10 USD) - 2022/09/10 18:31:25 PT [2022/09/10 21:31:25 ET]
Table 'Carpenter II' 9-max Seat #3 is the button
Seat 1: fabri318 ($11.86 in chips) 
Seat 3: GypsyBaron ($12.96 in chips) 
Seat 4: Mr.Cleaner17 ($10 in chips) 
Seat 5: lladnar1130 ($10.32 in chips) 
Seat 6: chRiis888 ($11.61 in chips) 
Seat 7: Dorex2007 ($10.68 in chips) 
Seat 9: redneckgardener ($2.95 in chips) 
Mr.Cleaner17: posts small blind $0.05
lladnar1130: posts big blind $0.10
zipiQun: sits out 
*** HOLE CARDS ***
Dealt to Dorex2007 [2h Qc]
chRiis888: folds 
Dorex2007: folds 
redneckgardener: folds 
fabri318: folds 
GypsyBaron: folds 
Mr.Cleaner17: folds 
Uncalled bet ($0.05) returned to lladnar1130
lladnar1130 collected $0.10 from pot
lladnar1130: doesn't show hand 
*** SUMMARY ***
Total pot $0.10 | Rake $0 
Seat 1: fabri318 folded before Flop (didn't bet)
Seat 3: GypsyBaron (button) folded before Flop (didn't bet)
Seat 4: Mr.Cleaner17 (small blind) folded before Flop
Seat 5: lladnar1130 (big blind) collected ($0.10)
Seat 6: chRiis888 folded before Flop (didn't bet)
Seat 7: Dorex2007 folded before Flop (didn't bet)
Seat 9: redneckgardener folded before Flop (didn't bet)



PokerStars Hand #238549249479:  Hold'em No Limit ($0.05/$0.10 USD) - 2022/09/10 18:31:43 PT [2022/09/10 21:31:43 ET]
Table 'Carpenter II' 9-max Seat #4 is the button
Seat 1: fabri318 ($11.86 in chips) 
Seat 3: GypsyBaron ($12.96 in chips) 
Seat 4: Mr.Cleaner17 ($10 in chips) 
Seat 5: lladnar1130 ($10.37 in chips) 
Seat 6: chRiis888 ($11.61 in chips) 
Seat 7: Dorex2007 ($10.68 in chips) 
Seat 9: redneckgardener ($2.95 in chips) 
lladnar1130: posts small blind $0.05
chRiis888: posts big blind $0.10
zipiQun: sits out 
*** HOLE CARDS ***
Dealt to Dorex2007 [9h 8h]
Dorex2007: folds 
redneckgardener: folds 
fabri318: folds 
GypsyBaron: folds 
Mr.Cleaner17: raises $0.15 to $0.25
lladnar1130: folds 
chRiis888: folds 
Uncalled bet ($0.15) returned to Mr.Cleaner17
Mr.Cleaner17 collected $0.25 from pot
Mr.Cleaner17: doesn't show hand 
*** SUMMARY ***
Total pot $0.25 | Rake $0 
Seat 1: fabri318 folded before Flop (didn't bet)
Seat 3: GypsyBaron folded before Flop (didn't bet)
Seat 4: Mr.Cleaner17 (button) collected ($0.25)
Seat 5: lladnar1130 (small blind) folded before Flop
Seat 6: chRiis888 (big blind) folded before Flop
Seat 7: Dorex2007 folded before Flop (didn't bet)
Seat 9: redneckgardener folded before Flop (didn't bet)



PokerStars Hand #238549253776:  Hold'em No Limit ($0.05/$0.10 USD) - 2022/09/10 18:32:05 PT [2022/09/10 21:32:05 ET]
Table 'Carpenter II' 9-max Seat #5 is the button
Seat 1: fabri318 ($11.86 in chips) 
Seat 3: GypsyBaron ($12.96 in chips) 
Seat 4: Mr.Cleaner17 ($10.15 in chips) 
Seat 5: lladnar1130 ($10.32 in chips) 
Seat 6: chRiis888 ($11.51 in chips) 
Seat 7: Dorex2007 ($10.68 in chips) 
Seat 9: redneckgardener ($2.95 in chips) 
chRiis888: posts small blind $0.05
Dorex2007: posts big blind $0.10
zipiQun: sits out 
*** HOLE CARDS ***
Dealt to Dorex2007 [Kc Ks]
redneckgardener: raises $0.10 to $0.20
fabri318: raises $0.50 to $0.70
GypsyBaron: folds 
Mr.Cleaner17: folds 
lladnar1130: folds 
chRiis888: folds 
Dorex2007: raises $9.98 to $10.68 and is all-in
redneckgardener: folds 
fabri318: folds 
Uncalled bet ($9.98) returned to Dorex2007
Dorex2007 collected $1.65 from pot
Dorex2007: doesn't show hand 
*** SUMMARY ***
Total pot $1.65 | Rake $0 
Seat 1: fabri318 folded before Flop
Seat 3: GypsyBaron folded before Flop (didn't bet)
Seat 4: Mr.Cleaner17 folded before Flop (didn't bet)
Seat 5: lladnar1130 (button) folded before Flop (didn't bet)
Seat 6: chRiis888 (small blind) folded before Flop
Seat 7: Dorex2007 (big blind) collected ($1.65)
Seat 9: redneckgardener folded before Flop



PokerStars Hand #238549259465:  Hold'em No Limit ($0.05/$0.10 USD) - 2022/09/10 18:32:34 PT [2022/09/10 21:32:34 ET]
Table 'Carpenter II' 9-max Seat #6 is the button
Seat 1: fabri318 ($11.16 in chips) 
Seat 3: GypsyBaron ($12.96 in chips) 
Seat 4: Mr.Cleaner17 ($10.15 in chips) 
Seat 5: lladnar1130 ($10.32 in chips) 
Seat 6: chRiis888 ($11.46 in chips) 
Seat 7: Dorex2007 ($11.63 in chips) 
Seat 8: zipiQun ($14.37 in chips) 
Seat 9: redneckgardener ($2.75 in chips) 
Dorex2007: posts small blind $0.05
zipiQun: posts big blind $0.10
*** HOLE CARDS ***
Dealt to Dorex2007 [6c Qd]
redneckgardener: folds 
fabri318: folds 
GypsyBaron: folds 
Mr.Cleaner17: folds 
lladnar1130: raises $0.13 to $0.23
chRiis888: folds 
Dorex2007: folds 
zipiQun: folds 
Uncalled bet ($0.13) returned to lladnar1130
lladnar1130 collected $0.25 from pot
lladnar1130: doesn't show hand 
*** SUMMARY ***
Total pot $0.25 | Rake $0 
Seat 1: fabri318 folded before Flop (didn't bet)
Seat 3: GypsyBaron folded before Flop (didn't bet)
Seat 4: Mr.Cleaner17 folded before Flop (didn't bet)
Seat 5: lladnar1130 collected ($0.25)
Seat 6: chRiis888 (button) folded before Flop (didn't bet)
Seat 7: Dorex2007 (small blind) folded before Flop
Seat 8: zipiQun (big blind) folded before Flop
Seat 9: redneckgardener folded before Flop (didn't bet)



PokerStars Hand #238549263965:  Hold'em No Limit ($0.05/$0.10 USD) - 2022/09/10 18:32:57 PT [2022/09/10 21:32:57 ET]
Table 'Carpenter II' 9-max Seat #7 is the button
Seat 1: fabri318 ($11.16 in chips) 
Seat 3: GypsyBaron ($12.96 in chips) 
Seat 4: Mr.Cleaner17 ($10.15 in chips) 
Seat 5: lladnar1130 ($10.47 in chips) 
Seat 6: chRiis888 ($11.46 in chips) 
Seat 7: Dorex2007 ($11.58 in chips) 
Seat 8: zipiQun ($14.27 in chips) 
Seat 9: redneckgardener ($2.75 in chips) 
zipiQun: posts small blind $0.05
redneckgardener: posts big blind $0.10
*** HOLE CARDS ***
Dealt to Dorex2007 [9s 6s]
fabri318: folds 
GypsyBaron: folds 
Mr.Cleaner17: raises $0.15 to $0.25
lladnar1130: calls $0.25
chRiis888: calls $0.25
Dorex2007: folds 
zipiQun: folds 
redneckgardener: calls $0.15
*** FLOP *** [Td 4h Kd]
redneckgardener: checks 
Mr.Cleaner17: checks 
lladnar1130: checks 
chRiis888: bets $0.40
redneckgardener: folds 
Mr.Cleaner17: raises $1.40 to $1.80
lladnar1130: folds 
chRiis888: folds 
Uncalled bet ($1.40) returned to Mr.Cleaner17
Mr.Cleaner17 collected $1.77 from pot
Mr.Cleaner17: doesn't show hand 
*** SUMMARY ***
Total pot $1.85 | Rake $0.08 
Board [Td 4h Kd]
Seat 1: fabri318 folded before Flop (didn't bet)
Seat 3: GypsyBaron folded before Flop (didn't bet)
Seat 4: Mr.Cleaner17 collected ($1.77)
Seat 5: lladnar1130 folded on the Flop
Seat 6: chRiis888 folded on the Flop
Seat 7: Dorex2007 (button) folded before Flop (didn't bet)
Seat 8: zipiQun (small blind) folded before Flop
Seat 9: redneckgardener (big blind) folded on the Flop



PokerStars Hand #238549276792:  Hold'em No Limit ($0.05/$0.10 USD) - 2022/09/10 18:34:03 PT [2022/09/10 21:34:03 ET]
Table 'Carpenter II' 9-max Seat #8 is the button
Seat 1: fabri318 ($11.16 in chips) 
Seat 3: GypsyBaron ($12.96 in chips) 
Seat 4: Mr.Cleaner17 ($11.27 in chips) 
Seat 5: lladnar1130 ($10.22 in chips) 
Seat 6: chRiis888 ($10.81 in chips) 
Seat 7: Dorex2007 ($11.58 in chips) 
Seat 8: zipiQun ($14.22 in chips) 
Seat 9: redneckgardener ($2.50 in chips) 
redneckgardener: posts small blind $0.05
fabri318: posts big blind $0.10
*** HOLE CARDS ***
Dealt to Dorex2007 [8h 5s]
GypsyBaron: folds 
Mr.Cleaner17: folds 
lladnar1130: folds 
chRiis888: folds 
Dorex2007: folds 
zipiQun: raises $0.15 to $0.25
redneckgardener: folds 
fabri318: folds 
Uncalled bet ($0.15) returned to zipiQun
zipiQun collected $0.25 from pot
*** SUMMARY ***
Total pot $0.25 | Rake $0 
Seat 1: fabri318 (big blind) folded before Flop
Seat 3: GypsyBaron folded before Flop (didn't bet)
Seat 4: Mr.Cleaner17 folded before Flop (didn't bet)
Seat 5: lladnar1130 folded before Flop (didn't bet)
Seat 6: chRiis888 folded before Flop (didn't bet)
Seat 7: Dorex2007 folded before Flop (didn't bet)
Seat 8: zipiQun (button) collected ($0.25)
Seat 9: redneckgardener (small blind) folded before Flop



PokerStars Hand #238549281591:  Hold'em No Limit ($0.05/$0.10 USD) - 2022/09/10 18:34:28 PT [2022/09/10 21:34:28 ET]
Table 'Carpenter II' 9-max Seat #9 is the button
Seat 1: fabri318 ($11.06 in chips) 
Seat 3: GypsyBaron ($12.96 in chips) 
Seat 4: Mr.Cleaner17 ($11.27 in chips) 
Seat 5: lladnar1130 ($10.22 in chips) 
Seat 6: chRiis888 ($10.81 in chips) 
Seat 7: Dorex2007 ($11.58 in chips) 
Seat 8: zipiQun ($14.37 in chips) 
Seat 9: redneckgardener ($2.45 in chips) 
fabri318: posts small blind $0.05
GypsyBaron: posts big blind $0.10
*** HOLE CARDS ***
Dealt to Dorex2007 [8d 5d]
Mr.Cleaner17: folds 
lladnar1130: folds 
chRiis888: folds 
Dorex2007: folds 
zipiQun: folds 
redneckgardener: calls $0.10
fabri318: raises $0.30 to $0.40
GypsyBaron: folds 
redneckgardener: folds 
Uncalled bet ($0.30) returned to fabri318
fabri318 collected $0.30 from pot
fabri318: doesn't show hand 
*** SUMMARY ***
Total pot $0.30 | Rake $0 
Seat 1: fabri318 (small blind) collected ($0.30)
Seat 3: GypsyBaron (big blind) folded before Flop
Seat 4: Mr.Cleaner17 folded before Flop (didn't bet)
Seat 5: lladnar1130 folded before Flop (didn't bet)
Seat 6: chRiis888 folded before Flop (didn't bet)
Seat 7: Dorex2007 folded before Flop (didn't bet)
Seat 8: zipiQun folded before Flop (didn't bet)
Seat 9: redneckgardener (button) folded before Flop



PokerStars Hand #238549287245:  Hold'em No Limit ($0.05/$0.10 USD) - 2022/09/10 18:34:57 PT [2022/09/10 21:34:57 ET]
Table 'Carpenter II' 9-max Seat #1 is the button
Seat 1: fabri318 ($11.26 in chips) 
Seat 3: GypsyBaron ($12.86 in chips) 
Seat 4: Mr.Cleaner17 ($11.27 in chips) 
Seat 5: lladnar1130 ($10.22 in chips) 
Seat 6: chRiis888 ($10.81 in chips) 
Seat 7: Dorex2007 ($11.58 in chips) 
Seat 8: zipiQun ($14.37 in chips) 
Seat 9: redneckgardener ($2.35 in chips) 
GypsyBaron: posts small blind $0.05
Mr.Cleaner17: posts big blind $0.10
*** HOLE CARDS ***
Dealt to Dorex2007 [Jc Jd]
lladnar1130: folds 
chRiis888: folds 
Dorex2007: raises $0.20 to $0.30
zipiQun: folds 
redneckgardener: folds 
fabri318: folds 
GypsyBaron: folds 
Mr.Cleaner17: folds 
Uncalled bet ($0.20) returned to Dorex2007
Dorex2007 collected $0.25 from pot
Dorex2007: doesn't show hand 
*** SUMMARY ***
Total pot $0.25 | Rake $0 
Seat 1: fabri318 (button) folded before Flop (didn't bet)
Seat 3: GypsyBaron (small blind) folded before Flop
Seat 4: Mr.Cleaner17 (big blind) folded before Flop
Seat 5: lladnar1130 folded before Flop (didn't bet)
Seat 6: chRiis888 folded before Flop (didn't bet)
Seat 7: Dorex2007 collected ($0.25)
Seat 8: zipiQun folded before Flop (didn't bet)
Seat 9: redneckgardener folded before Flop (didn't bet)



PokerStars Hand #238549292128:  Hold'em No Limit ($0.05/$0.10 USD) - 2022/09/10 18:35:21 PT [2022/09/10 21:35:21 ET]
Table 'Carpenter II' 9-max Seat #3 is the button
Seat 1: fabri318 ($11.26 in chips) 
Seat 3: GypsyBaron ($12.81 in chips) 
Seat 4: Mr.Cleaner17 ($11.17 in chips) 
Seat 5: lladnar1130 ($10.22 in chips) 
Seat 6: chRiis888 ($10.81 in chips) 
Seat 7: Dorex2007 ($11.73 in chips) 
Seat 8: zipiQun ($14.37 in chips) 
Seat 9: redneckgardener ($2.35 in chips) 
Mr.Cleaner17: posts small blind $0.05
lladnar1130: posts big blind $0.10
*** HOLE CARDS ***
Dealt to Dorex2007 [7c Kc]
chRiis888: folds 
Dorex2007: folds 
zipiQun: folds 
redneckgardener: raises $0.10 to $0.20
fabri318: folds 
GypsyBaron: folds 
Mr.Cleaner17: folds 
lladnar1130: calls $0.10
*** FLOP *** [9h 6d 7h]
lladnar1130: bets $0.25
redneckgardener: raises $0.25 to $0.50
lladnar1130: calls $0.25
*** TURN *** [9h 6d 7h] [Kd]
lladnar1130: checks 
redneckgardener: checks 
*** RIVER *** [9h 6d 7h Kd] [Tc]
Hiroshi556677 joins the table at seat #2 
lladnar1130: bets $1.17
redneckgardener: folds 
Uncalled bet ($1.17) returned to lladnar1130
lladnar1130 collected $1.38 from pot
lladnar1130: doesn't show hand 
*** SUMMARY ***
Total pot $1.45 | Rake $0.07 
Board [9h 6d 7h Kd Tc]
Seat 1: fabri318 folded before Flop (didn't bet)
Seat 3: GypsyBaron (button) folded before Flop (didn't bet)
Seat 4: Mr.Cleaner17 (small blind) folded before Flop
Seat 5: lladnar1130 (big blind) collected ($1.38)
Seat 6: chRiis888 folded before Flop (didn't bet)
Seat 7: Dorex2007 folded before Flop (didn't bet)
Seat 8: zipiQun folded before Flop (didn't bet)
Seat 9: redneckgardener folded on the River



PokerStars Hand #238549301071:  Hold'em No Limit ($0.05/$0.10 USD) - 2022/09/10 18:36:07 PT [2022/09/10 21:36:07 ET]
Table 'Carpenter II' 9-max Seat #4 is the button
Seat 1: fabri318 ($11.26 in chips) 
Seat 2: Hiroshi556677 ($10 in chips) 
Seat 3: GypsyBaron ($12.81 in chips) 
Seat 4: Mr.Cleaner17 ($11.12 in chips) 
Seat 5: lladnar1130 ($10.90 in chips) 
Seat 6: chRiis888 ($10.81 in chips) 
Seat 7: Dorex2007 ($11.73 in chips) 
Seat 8: zipiQun ($14.37 in chips) 
Seat 9: redneckgardener ($1.65 in chips) 
lladnar1130: posts small blind $0.05
chRiis888: posts big blind $0.10
Hiroshi556677: posts big blind $0.10
*** HOLE CARDS ***
Dealt to Dorex2007 [5d 5c]
Dorex2007: folds 
zipiQun: folds 
redneckgardener: folds 
fabri318: raises $0.30 to $0.40
Hiroshi556677: folds 
GypsyBaron: folds 
Mr.Cleaner17: folds 
lladnar1130: folds 
chRiis888: folds 
Uncalled bet ($0.30) returned to fabri318
fabri318 collected $0.35 from pot
fabri318: doesn't show hand 
*** SUMMARY ***
Total pot $0.35 | Rake $0 
Seat 1: fabri318 collected ($0.35)
Seat 2: Hiroshi556677 folded before Flop (didn't bet)
Seat 3: GypsyBaron folded before Flop (didn't bet)
Seat 4: Mr.Cleaner17 (button) folded before Flop (didn't bet)
Seat 5: lladnar1130 (small blind) folded before Flop
Seat 6: chRiis888 (big blind) folded before Flop
Seat 7: Dorex2007 folded before Flop (didn't bet)
Seat 8: zipiQun folded before Flop (didn't bet)
Seat 9: redneckgardener folded before Flop (didn't bet)



PokerStars Hand #238549304155:  Hold'em No Limit ($0.05/$0.10 USD) - 2022/09/10 18:36:22 PT [2022/09/10 21:36:22 ET]
Table 'Carpenter II' 9-max Seat #5 is the button
Seat 1: fabri318 ($11.51 in chips) 
Seat 2: Hiroshi556677 ($10 in chips) 
Seat 3: GypsyBaron ($12.81 in chips) 
Seat 4: Mr.Cleaner17 ($11.12 in chips) 
Seat 5: lladnar1130 ($10.85 in chips) 
Seat 6: chRiis888 ($10.71 in chips) 
Seat 7: Dorex2007 ($11.73 in chips) 
Seat 8: zipiQun ($14.37 in chips) 
Seat 9: redneckgardener ($4 in chips) 
chRiis888: posts small blind $0.05
Dorex2007: posts big blind $0.10
*** HOLE CARDS ***
Dealt to Dorex2007 [7h 2h]
zipiQun: folds 
redneckgardener: folds 
fabri318: folds 
Hiroshi556677: folds 
GypsyBaron: folds 
Mr.Cleaner17: raises $0.15 to $0.25
lladnar1130: folds 
chRiis888: calls $0.20
Dorex2007: folds 
*** FLOP *** [9s Jd 2s]
chRiis888: checks 
Mr.Cleaner17: bets $0.17
chRiis888: folds 
Uncalled bet ($0.17) returned to Mr.Cleaner17
Mr.Cleaner17 collected $0.57 from pot
Mr.Cleaner17: doesn't show hand 
*** SUMMARY ***
Total pot $0.60 | Rake $0.03 
Board [9s Jd 2s]
Seat 1: fabri318 folded before Flop (didn't bet)
Seat 2: Hiroshi556677 folded before Flop (didn't bet)
Seat 3: GypsyBaron folded before Flop (didn't bet)
Seat 4: Mr.Cleaner17 collected ($0.57)
Seat 5: lladnar1130 (button) folded before Flop (didn't bet)
Seat 6: chRiis888 (small blind) folded on the Flop
Seat 7: Dorex2007 (big blind) folded before Flop
Seat 8: zipiQun folded before Flop (didn't bet)
Seat 9: redneckgardener folded before Flop (didn't bet)



PokerStars Hand #238549311175:  Hold'em No Limit ($0.05/$0.10 USD) - 2022/09/10 18:36:58 PT [2022/09/10 21:36:58 ET]
Table 'Carpenter II' 9-max Seat #6 is the button
Seat 1: fabri318 ($11.51 in chips) 
Seat 2: Hiroshi556677 ($10 in chips) 
Seat 3: GypsyBaron ($12.81 in chips) 
Seat 4: Mr.Cleaner17 ($11.44 in chips) 
Seat 5: lladnar1130 ($10.85 in chips) 
Seat 6: chRiis888 ($10.46 in chips) 
Seat 7: Dorex2007 ($11.63 in chips) 
Seat 8: zipiQun ($14.37 in chips) 
Seat 9: redneckgardener ($4 in chips) 
Dorex2007: posts small blind $0.05
zipiQun: posts big blind $0.10
*** HOLE CARDS ***
Dealt to Dorex2007 [2h Ac]
redneckgardener: folds 
fabri318: folds 
Hiroshi556677 has timed out
Hiroshi556677: folds 
GypsyBaron: folds 
Mr.Cleaner17: folds 
lladnar1130: folds 
chRiis888: folds 
Dorex2007: folds 
Uncalled bet ($0.05) returned to zipiQun
zipiQun collected $0.10 from pot
*** SUMMARY ***
Total pot $0.10 | Rake $0 
Seat 1: fabri318 folded before Flop (didn't bet)
Seat 2: Hiroshi556677 folded before Flop (didn't bet)
Seat 3: GypsyBaron folded before Flop (didn't bet)
Seat 4: Mr.Cleaner17 folded before Flop (didn't bet)
Seat 5: lladnar1130 folded before Flop (didn't bet)
Seat 6: chRiis888 (button) folded before Flop (didn't bet)
Seat 7: Dorex2007 (small blind) folded before Flop
Seat 8: zipiQun (big blind) collected ($0.10)
Seat 9: redneckgardener folded before Flop (didn't bet)



PokerStars Hand #238549316806:  Hold'em No Limit ($0.05/$0.10 USD) - 2022/09/10 18:37:27 PT [2022/09/10 21:37:27 ET]
Table 'Carpenter II' 9-max Seat #7 is the button
Seat 1: fabri318 ($11.51 in chips) 
Seat 3: GypsyBaron ($12.81 in chips) 
Seat 4: Mr.Cleaner17 ($11.44 in chips) 
Seat 5: lladnar1130 ($10.85 in chips) 
Seat 6: chRiis888 ($10.46 in chips) 
Seat 7: Dorex2007 ($11.58 in chips) 
Seat 8: zipiQun ($14.42 in chips) 
Seat 9: redneckgardener ($4 in chips) 
zipiQun: posts small blind $0.05
redneckgardener: posts big blind $0.10
*** HOLE CARDS ***
Dealt to Dorex2007 [8h 6h]
fabri318: folds 
GypsyBaron: folds 
Mr.Cleaner17: folds 
lladnar1130: folds 
chRiis888: raises $0.15 to $0.25
Dorex2007: folds 
zipiQun: folds 
redneckgardener: calls $0.15
*** FLOP *** [Jd Qh Ac]
redneckgardener: checks 
chRiis888: bets $0.21
redneckgardener: calls $0.21
*** TURN *** [Jd Qh Ac] [2s]
redneckgardener: checks 
chRiis888: checks 
*** RIVER *** [Jd Qh Ac 2s] [9h]
lladnar1130 leaves the table
redneckgardener: checks 
chRiis888: checks 
*** SHOW DOWN ***
redneckgardener: shows [Kc 9c] (a pair of Nines)
chRiis888: shows [Js Ks] (a pair of Jacks)
chRiis888 collected $0.93 from pot
*** SUMMARY ***
Total pot $0.97 | Rake $0.04 
Board [Jd Qh Ac 2s 9h]
Seat 1: fabri318 folded before Flop (didn't bet)
Seat 3: GypsyBaron folded before Flop (didn't bet)
Seat 4: Mr.Cleaner17 folded before Flop (didn't bet)
Seat 5: lladnar1130 folded before Flop (didn't bet)
Seat 6: chRiis888 showed [Js Ks] and won ($0.93) with a pair of Jacks
Seat 7: Dorex2007 (button) folded before Flop (didn't bet)
Seat 8: zipiQun (small blind) folded before Flop
Seat 9: redneckgardener (big blind) showed [Kc 9c] and lost with a pair of Nines



PokerStars Hand #238549325207:  Hold'em No Limit ($0.05/$0.10 USD) - 2022/09/10 18:38:09 PT [2022/09/10 21:38:09 ET]
Table 'Carpenter II' 9-max Seat #8 is the button
Seat 1: fabri318 ($11.51 in chips) 
Seat 3: GypsyBaron ($12.81 in chips) 
Seat 4: Mr.Cleaner17 ($11.44 in chips) 
Seat 6: chRiis888 ($10.93 in chips) 
Seat 7: Dorex2007 ($11.58 in chips) 
Seat 8: zipiQun ($14.37 in chips) 
Seat 9: redneckgardener ($3.54 in chips) 
redneckgardener: posts small blind $0.05
fabri318: posts big blind $0.10
*** HOLE CARDS ***
Dealt to Dorex2007 [As Qc]
satyrlegend joins the table at seat #5 
GypsyBaron: folds 
Mr.Cleaner17: folds 
chRiis888: folds 
Dorex2007: calls $0.10
zipiQun: folds 
redneckgardener: raises $0.30 to $0.40
fabri318: calls $0.30
Dorex2007: calls $0.30
*** FLOP *** [Jh 4s 6c]
redneckgardener: bets $0.60
fabri318: calls $0.60
Dorex2007: folds 
*** TURN *** [Jh 4s 6c] [9d]
redneckgardener: bets $0.80
fabri318: raises $9.71 to $10.51 and is all-in
redneckgardener: folds 
Uncalled bet ($9.71) returned to fabri318
fabri318 collected $3.82 from pot
fabri318: doesn't show hand 
*** SUMMARY ***
Total pot $4 | Rake $0.18 
Board [Jh 4s 6c 9d]
Seat 1: fabri318 (big blind) collected ($3.82)
Seat 3: GypsyBaron folded before Flop (didn't bet)
Seat 4: Mr.Cleaner17 folded before Flop (didn't bet)
Seat 6: chRiis888 folded before Flop (didn't bet)
Seat 7: Dorex2007 folded on the Flop
Seat 8: zipiQun (button) folded before Flop (didn't bet)
Seat 9: redneckgardener (small blind) folded on the Turn



PokerStars Hand #238549339409:  Hold'em No Limit ($0.05/$0.10 USD) - 2022/09/10 18:39:22 PT [2022/09/10 21:39:22 ET]
Table 'Carpenter II' 9-max Seat #9 is the button
Seat 1: fabri318 ($13.53 in chips) 
Seat 3: GypsyBaron ($12.81 in chips) 
Seat 4: Mr.Cleaner17 ($11.44 in chips) 
Seat 5: satyrlegend ($4 in chips) 
Seat 6: chRiis888 ($10.93 in chips) 
Seat 7: Dorex2007 ($11.18 in chips) 
Seat 8: zipiQun ($14.37 in chips) 
Seat 9: redneckgardener ($1.74 in chips) 
fabri318: posts small blind $0.05
GypsyBaron: posts big blind $0.10
satyrlegend: posts big blind $0.10
*** HOLE CARDS ***
Dealt to Dorex2007 [9s 4h]
Mr.Cleaner17: folds 
satyrlegend: checks 
chRiis888: folds 
Dorex2007: folds 
zipiQun: folds 
redneckgardener: folds 
fabri318: folds 
GypsyBaron: checks 
*** FLOP *** [9c 8c Ac]
GypsyBaron: checks 
satyrlegend: bets $0.30
GypsyBaron: folds 
Uncalled bet ($0.30) returned to satyrlegend
satyrlegend collected $0.24 from pot
satyrlegend: doesn't show hand 
*** SUMMARY ***
Total pot $0.25 | Rake $0.01 
Board [9c 8c Ac]
Seat 1: fabri318 (small blind) folded before Flop
Seat 3: GypsyBaron (big blind) folded on the Flop
Seat 4: Mr.Cleaner17 folded before Flop (didn't bet)
Seat 5: satyrlegend collected ($0.24)
Seat 6: chRiis888 folded before Flop (didn't bet)
Seat 7: Dorex2007 folded before Flop (didn't bet)
Seat 8: zipiQun folded before Flop (didn't bet)
Seat 9: redneckgardener (button) folded before Flop (didn't bet)



PokerStars Hand #238549346869:  Hold'em No Limit ($0.05/$0.10 USD) - 2022/09/10 18:39:59 PT [2022/09/10 21:39:59 ET]
Table 'Carpenter II' 9-max Seat #1 is the button
Seat 1: fabri318 ($13.48 in chips) 
Seat 3: GypsyBaron ($12.71 in chips) 
Seat 4: Mr.Cleaner17 ($11.44 in chips) 
Seat 5: satyrlegend ($4.14 in chips) 
Seat 6: chRiis888 ($10.93 in chips) 
Seat 7: Dorex2007 ($11.18 in chips) 
Seat 8: zipiQun ($14.37 in chips) 
Seat 9: redneckgardener ($4 in chips) 
GypsyBaron: posts small blind $0.05
Mr.Cleaner17: posts big blind $0.10
*** HOLE CARDS ***
Dealt to Dorex2007 [4c As]
satyrlegend: raises $0.20 to $0.30
chRiis888: calls $0.30
Dorex2007: folds 
zipiQun: folds 
redneckgardener: folds 
fabri318 has timed out
fabri318: folds 
GypsyBaron: folds 
Mr.Cleaner17: folds 
*** FLOP *** [2d 5s 2s]
satyrlegend: checks 
chRiis888: bets $0.29
satyrlegend: calls $0.29
*** TURN *** [2d 5s 2s] [5d]
satyrlegend: checks 
chRiis888: bets $0.38
satyrlegend: calls $0.38
*** RIVER *** [2d 5s 2s 5d] [Qs]
satyrlegend: checks 
chRiis888: bets $0.80
satyrlegend: calls $0.80
*** SHOW DOWN ***
chRiis888: shows [4s 4h] (two pair, Fives and Fours)
satyrlegend: shows [9h 9c] (two pair, Nines and Fives)
satyrlegend collected $3.52 from pot
*** SUMMARY ***
Total pot $3.69 | Rake $0.17 
Board [2d 5s 2s 5d Qs]
Seat 1: fabri318 (button) folded before Flop (didn't bet)
Seat 3: GypsyBaron (small blind) folded before Flop
Seat 4: Mr.Cleaner17 (big blind) folded before Flop
Seat 5: satyrlegend showed [9h 9c] and won ($3.52) with two pair, Nines and Fives
Seat 6: chRiis888 showed [4s 4h] and lost with two pair, Fives and Fours
Seat 7: Dorex2007 folded before Flop (didn't bet)
Seat 8: zipiQun folded before Flop (didn't bet)
Seat 9: redneckgardener folded before Flop (didn't bet)



PokerStars Hand #238549359422:  Hold'em No Limit ($0.05/$0.10 USD) - 2022/09/10 18:41:03 PT [2022/09/10 21:41:03 ET]
Table 'Carpenter II' 9-max Seat #3 is the button
Seat 2: Hiroshi556677 ($10 in chips) 
Seat 3: GypsyBaron ($12.66 in chips) 
Seat 4: Mr.Cleaner17 ($11.34 in chips) 
Seat 5: satyrlegend ($5.89 in chips) 
Seat 6: chRiis888 ($9.16 in chips) 
Seat 7: Dorex2007 ($11.18 in chips) 
Seat 8: zipiQun ($14.37 in chips) 
Seat 9: redneckgardener ($4 in chips) 
Mr.Cleaner17: posts small blind $0.05
satyrlegend: posts big blind $0.10
Hiroshi556677: posts small & big blinds $0.15
*** HOLE CARDS ***
Dealt to Dorex2007 [6s Kd]
chRiis888: raises $0.15 to $0.25
Dorex2007: folds 
fabri318 leaves the table
zipiQun: calls $0.25
redneckgardener: folds 
Hiroshi556677: calls $0.15
GypsyBaron: folds 
Mr.Cleaner17: folds 
satyrlegend: folds 
*** FLOP *** [Ad Td Qd]
chRiis888: checks 
zipiQun: checks 
Hiroshi556677: checks 
*** TURN *** [Ad Td Qd] [Jd]
chRiis888: checks 
zipiQun: checks 
Hiroshi556677: checks 
*** RIVER *** [Ad Td Qd Jd] [7h]
chRiis888: bets $0.55
zipiQun: folds 
Hiroshi556677: folds 
Uncalled bet ($0.55) returned to chRiis888
chRiis888 collected $0.91 from pot
chRiis888: doesn't show hand 
*** SUMMARY ***
Total pot $0.95 | Rake $0.04 
Board [Ad Td Qd Jd 7h]
Seat 2: Hiroshi556677 folded on the River
Seat 3: GypsyBaron (button) folded before Flop (didn't bet)
Seat 4: Mr.Cleaner17 (small blind) folded before Flop
Seat 5: satyrlegend (big blind) folded before Flop
Seat 6: chRiis888 collected ($0.91)
Seat 7: Dorex2007 folded before Flop (didn't bet)
Seat 8: zipiQun folded on the River
Seat 9: redneckgardener folded before Flop (didn't bet)



PokerStars Hand #238549370921:  Hold'em No Limit ($0.05/$0.10 USD) - 2022/09/10 18:42:01 PT [2022/09/10 21:42:01 ET]
Table 'Carpenter II' 9-max Seat #4 is the button
Seat 2: Hiroshi556677 ($10 in chips) 
Seat 3: GypsyBaron ($12.66 in chips) 
Seat 4: Mr.Cleaner17 ($11.29 in chips) 
Seat 5: satyrlegend ($5.79 in chips) 
Seat 6: chRiis888 ($9.82 in chips) 
Seat 7: Dorex2007 ($11.18 in chips) 
Seat 8: zipiQun ($14.12 in chips) 
Seat 9: redneckgardener ($4 in chips) 
satyrlegend: posts small blind $0.05
chRiis888: posts big blind $0.10
*** HOLE CARDS ***
Dealt to Dorex2007 [6s 8c]
Dorex2007: folds 
zipiQun: folds 
redneckgardener: folds 
Hiroshi556677: raises $0.10 to $0.20
GypsyBaron: calls $0.20
Mr.Cleaner17: folds 
satyrlegend: calls $0.15
chRiis888: calls $0.10
*** FLOP *** [2c 6h 7s]
satyrlegend: checks 
chRiis888: checks 
Hiroshi556677: bets $0.38
GypsyBaron: folds 
satyrlegend: folds 
chRiis888: folds 
Uncalled bet ($0.38) returned to Hiroshi556677
Hiroshi556677 collected $0.76 from pot
*** SUMMARY ***
Total pot $0.80 | Rake $0.04 
Board [2c 6h 7s]
Seat 2: Hiroshi556677 collected ($0.76)
Seat 3: GypsyBaron folded on the Flop
Seat 4: Mr.Cleaner17 (button) folded before Flop (didn't bet)
Seat 5: satyrlegend (small blind) folded on the Flop
Seat 6: chRiis888 (big blind) folded on the Flop
Seat 7: Dorex2007 folded before Flop (didn't bet)
Seat 8: zipiQun folded before Flop (didn't bet)
Seat 9: redneckgardener folded before Flop (didn't bet)



PokerStars Hand #238549381025:  Hold'em No Limit ($0.05/$0.10 USD) - 2022/09/10 18:42:52 PT [2022/09/10 21:42:52 ET]
Table 'Carpenter II' 9-max Seat #5 is the button
Seat 2: Hiroshi556677 ($10.56 in chips) 
Seat 3: GypsyBaron ($12.46 in chips) 
Seat 4: Mr.Cleaner17 ($11.29 in chips) 
Seat 5: satyrlegend ($5.59 in chips) 
Seat 6: chRiis888 ($9.62 in chips) 
Seat 7: Dorex2007 ($11.18 in chips) 
Seat 8: zipiQun ($14.12 in chips) 
Seat 9: redneckgardener ($4 in chips) 
chRiis888: posts small blind $0.05
Dorex2007: posts big blind $0.10
*** HOLE CARDS ***
Dealt to Dorex2007 [7h Kd]
zipiQun: folds 
redneckgardener: folds 
Hiroshi556677: folds 
GypsyBaron: raises $0.20 to $0.30
Mr.Cleaner17: folds 
satyrlegend: folds 
chRiis888: calls $0.25
Dorex2007: folds 
*** FLOP *** [As 4c 6d]
chRiis888: checks 
GypsyBaron: bets $0.33
chRiis888: folds 
Uncalled bet ($0.33) returned to GypsyBaron
GypsyBaron collected $0.67 from pot
*** SUMMARY ***
Total pot $0.70 | Rake $0.03 
Board [As 4c 6d]
Seat 2: Hiroshi556677 folded before Flop (didn't bet)
Seat 3: GypsyBaron collected ($0.67)
Seat 4: Mr.Cleaner17 folded before Flop (didn't bet)
Seat 5: satyrlegend (button) folded before Flop (didn't bet)
Seat 6: chRiis888 (small blind) folded on the Flop
Seat 7: Dorex2007 (big blind) folded before Flop
Seat 8: zipiQun folded before Flop (didn't bet)
Seat 9: redneckgardener folded before Flop (didn't bet)



PokerStars Hand #238549385809:  Hold'em No Limit ($0.05/$0.10 USD) - 2022/09/10 18:43:17 PT [2022/09/10 21:43:17 ET]
Table 'Carpenter II' 9-max Seat #6 is the button
Seat 2: Hiroshi556677 ($10.56 in chips) 
Seat 3: GypsyBaron ($12.83 in chips) 
Seat 4: Mr.Cleaner17 ($11.29 in chips) 
Seat 5: satyrlegend ($5.59 in chips) 
Seat 6: chRiis888 ($9.32 in chips) 
Seat 7: Dorex2007 ($11.08 in chips) 
Seat 8: zipiQun ($14.12 in chips) 
Seat 9: redneckgardener ($4 in chips) 
Dorex2007: posts small blind $0.05
zipiQun: posts big blind $0.10
*** HOLE CARDS ***
Dealt to Dorex2007 [Jd 2c]
xx714xx joins the table at seat #1 
redneckgardener: folds 
Hiroshi556677: folds 
GypsyBaron: calls $0.10
Mr.Cleaner17: folds 
satyrlegend: folds 
chRiis888: folds 
Dorex2007: folds 
zipiQun: checks 
*** FLOP *** [Kc 8c 3c]
zipiQun: checks 
GypsyBaron: checks 
*** TURN *** [Kc 8c 3c] [Jh]
zipiQun: bets $0.12
GypsyBaron: folds 
Uncalled bet ($0.12) returned to zipiQun
zipiQun collected $0.24 from pot
*** SUMMARY ***
Total pot $0.25 | Rake $0.01 
Board [Kc 8c 3c Jh]
Seat 2: Hiroshi556677 folded before Flop (didn't bet)
Seat 3: GypsyBaron folded on the Turn
Seat 4: Mr.Cleaner17 folded before Flop (didn't bet)
Seat 5: satyrlegend folded before Flop (didn't bet)
Seat 6: chRiis888 (button) folded before Flop (didn't bet)
Seat 7: Dorex2007 (small blind) folded before Flop
Seat 8: zipiQun (big blind) collected ($0.24)
Seat 9: redneckgardener folded before Flop (didn't bet)



PokerStars Hand #238549390909:  Hold'em No Limit ($0.05/$0.10 USD) - 2022/09/10 18:43:42 PT [2022/09/10 21:43:42 ET]
Table 'Carpenter II' 9-max Seat #7 is the button
Seat 2: Hiroshi556677 ($10.56 in chips) 
Seat 3: GypsyBaron ($12.73 in chips) 
Seat 4: Mr.Cleaner17 ($11.29 in chips) 
Seat 5: satyrlegend ($5.59 in chips) 
Seat 6: chRiis888 ($9.32 in chips) 
Seat 7: Dorex2007 ($11.03 in chips) 
Seat 8: zipiQun ($14.26 in chips) 
Seat 9: redneckgardener ($4 in chips) 
zipiQun: posts small blind $0.05
redneckgardener: posts big blind $0.10
xx714xx: sits out 
*** HOLE CARDS ***
Dealt to Dorex2007 [7c 4s]
Hiroshi556677: folds 
GypsyBaron: folds 
Mr.Cleaner17: folds 
satyrlegend: folds 
chRiis888: folds 
Dorex2007: folds 
zipiQun: folds 
Uncalled bet ($0.05) returned to redneckgardener
redneckgardener collected $0.10 from pot
redneckgardener: doesn't show hand 
*** SUMMARY ***
Total pot $0.10 | Rake $0 
Seat 2: Hiroshi556677 folded before Flop (didn't bet)
Seat 3: GypsyBaron folded before Flop (didn't bet)
Seat 4: Mr.Cleaner17 folded before Flop (didn't bet)
Seat 5: satyrlegend folded before Flop (didn't bet)
Seat 6: chRiis888 folded before Flop (didn't bet)
Seat 7: Dorex2007 (button) folded before Flop (didn't bet)
Seat 8: zipiQun (small blind) folded before Flop
Seat 9: redneckgardener (big blind) collected ($0.10)



PokerStars Hand #238549393565:  Hold'em No Limit ($0.05/$0.10 USD) - 2022/09/10 18:43:56 PT [2022/09/10 21:43:56 ET]
Table 'Carpenter II' 9-max Seat #8 is the button
Seat 1: xx714xx ($10 in chips) 
Seat 2: Hiroshi556677 ($10.56 in chips) 
Seat 3: GypsyBaron ($12.73 in chips) 
Seat 4: Mr.Cleaner17 ($11.29 in chips) 
Seat 5: satyrlegend ($5.59 in chips) 
Seat 6: chRiis888 ($9.32 in chips) 
Seat 7: Dorex2007 ($11.03 in chips) 
Seat 8: zipiQun ($14.21 in chips) 
Seat 9: redneckgardener ($4.05 in chips) 
redneckgardener: posts small blind $0.05
xx714xx: posts big blind $0.10
*** HOLE CARDS ***
Dealt to Dorex2007 [Ts Jc]
Hiroshi556677: folds 
GypsyBaron: folds 
Mr.Cleaner17: raises $0.15 to $0.25
satyrlegend: folds 
chRiis888: folds 
Dorex2007: folds 
zipiQun: folds 
redneckgardener: folds 
xx714xx: folds 
Uncalled bet ($0.15) returned to Mr.Cleaner17
Mr.Cleaner17 collected $0.25 from pot
Mr.Cleaner17: doesn't show hand 
*** SUMMARY ***
Total pot $0.25 | Rake $0 
Seat 1: xx714xx (big blind) folded before Flop
Seat 2: Hiroshi556677 folded before Flop (didn't bet)
Seat 3: GypsyBaron folded before Flop (didn't bet)
Seat 4: Mr.Cleaner17 collected ($0.25)
Seat 5: satyrlegend folded before Flop (didn't bet)
Seat 6: chRiis888 folded before Flop (didn't bet)
Seat 7: Dorex2007 folded before Flop (didn't bet)
Seat 8: zipiQun (button) folded before Flop (didn't bet)
Seat 9: redneckgardener (small blind) folded before Flop



PokerStars Hand #238549398195:  Hold'em No Limit ($0.05/$0.10 USD) - 2022/09/10 18:44:19 PT [2022/09/10 21:44:19 ET]
Table 'Carpenter II' 9-max Seat #9 is the button
Seat 1: xx714xx ($9.90 in chips) 
Seat 2: Hiroshi556677 ($10.56 in chips) 
Seat 3: GypsyBaron ($12.73 in chips) 
Seat 4: Mr.Cleaner17 ($11.44 in chips) 
Seat 5: satyrlegend ($5.59 in chips) 
Seat 6: chRiis888 ($9.32 in chips) 
Seat 7: Dorex2007 ($11.03 in chips) 
Seat 8: zipiQun ($14.21 in chips) 
Seat 9: redneckgardener ($4 in chips) 
xx714xx: posts small blind $0.05
Hiroshi556677: posts big blind $0.10
*** HOLE CARDS ***
Dealt to Dorex2007 [Js 8d]
GypsyBaron: folds 
Mr.Cleaner17: folds 
satyrlegend: raises $0.20 to $0.30
chRiis888: folds 
Dorex2007: folds 
zipiQun: folds 
redneckgardener: calls $0.30
xx714xx: folds 
Hiroshi556677: raises $0.60 to $0.90
satyrlegend: folds 
redneckgardener: calls $0.60
*** FLOP *** [9h 9c 3d]
Hiroshi556677: bets $1.02
redneckgardener: folds 
Uncalled bet ($1.02) returned to Hiroshi556677
Hiroshi556677 collected $2.05 from pot
*** SUMMARY ***
Total pot $2.15 | Rake $0.10 
Board [9h 9c 3d]
Seat 1: xx714xx (small blind) folded before Flop
Seat 2: Hiroshi556677 (big blind) collected ($2.05)
Seat 3: GypsyBaron folded before Flop (didn't bet)
Seat 4: Mr.Cleaner17 folded before Flop (didn't bet)
Seat 5: satyrlegend folded before Flop
Seat 6: chRiis888 folded before Flop (didn't bet)
Seat 7: Dorex2007 folded before Flop (didn't bet)
Seat 8: zipiQun folded before Flop (didn't bet)
Seat 9: redneckgardener (button) folded on the Flop



PokerStars Hand #238549408710:  Hold'em No Limit ($0.05/$0.10 USD) - 2022/09/10 18:45:12 PT [2022/09/10 21:45:12 ET]
Table 'Carpenter II' 9-max Seat #1 is the button
Seat 1: xx714xx ($9.85 in chips) 
Seat 2: Hiroshi556677 ($11.71 in chips) 
Seat 3: GypsyBaron ($12.73 in chips) 
Seat 4: Mr.Cleaner17 ($11.44 in chips) 
Seat 5: satyrlegend ($5.29 in chips) 
Seat 6: chRiis888 ($9.32 in chips) 
Seat 7: Dorex2007 ($11.03 in chips) 
Seat 8: zipiQun ($14.21 in chips) 
Seat 9: redneckgardener ($3.10 in chips) 
Hiroshi556677: posts small blind $0.05
GypsyBaron: posts big blind $0.10
*** HOLE CARDS ***
Dealt to Dorex2007 [8h 7d]
Mr.Cleaner17: folds 
satyrlegend: folds 
chRiis888: raises $0.10 to $0.20
Dorex2007: folds 
zipiQun: raises $0.44 to $0.64
redneckgardener: folds 
xx714xx: folds 
Hiroshi556677: folds 
GypsyBaron: folds 
chRiis888: folds 
Uncalled bet ($0.44) returned to zipiQun
zipiQun collected $0.55 from pot
*** SUMMARY ***
Total pot $0.55 | Rake $0 
Seat 1: xx714xx (button) folded before Flop (didn't bet)
Seat 2: Hiroshi556677 (small blind) folded before Flop
Seat 3: GypsyBaron (big blind) folded before Flop
Seat 4: Mr.Cleaner17 folded before Flop (didn't bet)
Seat 5: satyrlegend folded before Flop (didn't bet)
Seat 6: chRiis888 folded before Flop
Seat 7: Dorex2007 folded before Flop (didn't bet)
Seat 8: zipiQun collected ($0.55)
Seat 9: redneckgardener folded before Flop (didn't bet)



PokerStars Hand #238549415036:  Hold'em No Limit ($0.05/$0.10 USD) - 2022/09/10 18:45:45 PT [2022/09/10 21:45:45 ET]
Table 'Carpenter II' 9-max Seat #2 is the button
Seat 1: xx714xx ($9.85 in chips) 
Seat 2: Hiroshi556677 ($11.66 in chips) 
Seat 3: GypsyBaron ($12.63 in chips) 
Seat 4: Mr.Cleaner17 ($11.44 in chips) 
Seat 5: satyrlegend ($5.29 in chips) 
Seat 6: chRiis888 ($9.12 in chips) 
Seat 7: Dorex2007 ($11.03 in chips) 
Seat 8: zipiQun ($14.56 in chips) 
Seat 9: redneckgardener ($3.10 in chips) 
GypsyBaron: posts small blind $0.05
Mr.Cleaner17: posts big blind $0.10
*** HOLE CARDS ***
Dealt to Dorex2007 [4c 7d]
satyrlegend: folds 
chRiis888: raises $0.15 to $0.25
Dorex2007: folds 
zipiQun: folds 
redneckgardener: folds 
xx714xx: folds 
Hiroshi556677: folds 
GypsyBaron: folds 
Mr.Cleaner17: folds 
Uncalled bet ($0.15) returned to chRiis888
GypsyBaron leaves the table
chRiis888 collected $0.25 from pot
chRiis888: doesn't show hand 
*** SUMMARY ***
Total pot $0.25 | Rake $0 
Seat 1: xx714xx folded before Flop (didn't bet)
Seat 2: Hiroshi556677 (button) folded before Flop (didn't bet)
Seat 3: GypsyBaron (small blind) folded before Flop
Seat 4: Mr.Cleaner17 (big blind) folded before Flop
Seat 5: satyrlegend folded before Flop (didn't bet)
Seat 6: chRiis888 collected ($0.25)
Seat 7: Dorex2007 folded before Flop (didn't bet)
Seat 8: zipiQun folded before Flop (didn't bet)
Seat 9: redneckgardener folded before Flop (didn't bet)



PokerStars Hand #238549419708:  Hold'em No Limit ($0.05/$0.10 USD) - 2022/09/10 18:46:09 PT [2022/09/10 21:46:09 ET]
Table 'Carpenter II' 9-max Seat #4 is the button
Seat 1: xx714xx ($9.85 in chips) 
Seat 2: Hiroshi556677 ($11.66 in chips) 
Seat 4: Mr.Cleaner17 ($11.34 in chips) 
Seat 5: satyrlegend ($5.29 in chips) 
Seat 6: chRiis888 ($9.27 in chips) 
Seat 7: Dorex2007 ($11.03 in chips) 
Seat 8: zipiQun ($14.56 in chips) 
Seat 9: redneckgardener ($3.10 in chips) 
satyrlegend: posts small blind $0.05
chRiis888: posts big blind $0.10
*** HOLE CARDS ***
Dealt to Dorex2007 [Kd Th]
Dorex2007: folds 
zipiQun: folds 
redneckgardener: folds 
xx714xx: raises $0.19 to $0.29
Hiroshi556677: calls $0.29
Mr.Cleaner17: folds 
satyrlegend: calls $0.24
chRiis888: folds 
*** FLOP *** [Qs Ah 7d]
satyrlegend: checks 
chRiis888 leaves the table
xx714xx: bets $0.46
Hiroshi556677: calls $0.46
satyrlegend: folds 
*** TURN *** [Qs Ah 7d] [4h]
xx714xx: bets $0.88
zipiQun leaves the table
Hiroshi556677: calls $0.88
*** RIVER *** [Qs Ah 7d 4h] [8h]
xx714xx: checks 
Hiroshi556677: bets $1.74
xx714xx: folds 
Uncalled bet ($1.74) returned to Hiroshi556677
Hiroshi556677 collected $3.49 from pot
*** SUMMARY ***
Total pot $3.65 | Rake $0.16 
Board [Qs Ah 7d 4h 8h]
Seat 1: xx714xx folded on the River
Seat 2: Hiroshi556677 collected ($3.49)
Seat 4: Mr.Cleaner17 (button) folded before Flop (didn't bet)
Seat 5: satyrlegend (small blind) folded on the Flop
Seat 6: chRiis888 (big blind) folded before Flop
Seat 7: Dorex2007 folded before Flop (didn't bet)
Seat 8: zipiQun folded before Flop (didn't bet)
Seat 9: redneckgardener folded before Flop (didn't bet)



PokerStars Hand #238549435749:  Hold'em No Limit ($0.05/$0.10 USD) - 2022/09/10 18:47:31 PT [2022/09/10 21:47:31 ET]
Table 'Carpenter II' 9-max Seat #5 is the button
Seat 1: xx714xx ($8.22 in chips) 
Seat 2: Hiroshi556677 ($13.52 in chips) 
Seat 4: Mr.Cleaner17 ($11.34 in chips) 
Seat 5: satyrlegend ($5 in chips) 
Seat 7: Dorex2007 ($11.03 in chips) 
Seat 9: redneckgardener ($4 in chips) 
Dorex2007: posts small blind $0.05
redneckgardener: posts big blind $0.10
*** HOLE CARDS ***
Dealt to Dorex2007 [2c 4c]
xx714xx: folds 
Hiroshi556677: folds 
Hiroshi556677 leaves the table
Mr.Cleaner17: folds 
satyrlegend: folds 
Dorex2007: folds 
Uncalled bet ($0.05) returned to redneckgardener
redneckgardener collected $0.10 from pot
redneckgardener: doesn't show hand 
*** SUMMARY ***
Total pot $0.10 | Rake $0 
Seat 1: xx714xx folded before Flop (didn't bet)
Seat 2: Hiroshi556677 folded before Flop (didn't bet)
Seat 4: Mr.Cleaner17 folded before Flop (didn't bet)
Seat 5: satyrlegend (button) folded before Flop (didn't bet)
Seat 7: Dorex2007 (small blind) folded before Flop
Seat 9: redneckgardener (big blind) collected ($0.10)



PokerStars Hand #238549439082:  Hold'em No Limit ($0.05/$0.10 USD) - 2022/09/10 18:47:47 PT [2022/09/10 21:47:47 ET]
Table 'Carpenter II' 9-max Seat #7 is the button
Seat 1: xx714xx ($8.22 in chips) 
Seat 4: Mr.Cleaner17 ($11.34 in chips) 
Seat 5: satyrlegend ($5 in chips) 
Seat 7: Dorex2007 ($10.98 in chips) 
Seat 9: redneckgardener ($4.05 in chips) 
redneckgardener: posts small blind $0.05
xx714xx: posts big blind $0.10
*** HOLE CARDS ***
Dealt to Dorex2007 [5h 4h]
Mr.Cleaner17: folds 
satyrlegend: raises $0.20 to $0.30
Dorex2007: folds 
redneckgardener: folds 
xx714xx: folds 
Uncalled bet ($0.20) returned to satyrlegend
satyrlegend collected $0.25 from pot
satyrlegend: doesn't show hand 
*** SUMMARY ***
Total pot $0.25 | Rake $0 
Seat 1: xx714xx (big blind) folded before Flop
Seat 4: Mr.Cleaner17 folded before Flop (didn't bet)
Seat 5: satyrlegend collected ($0.25)
Seat 7: Dorex2007 (button) folded before Flop (didn't bet)
Seat 9: redneckgardener (small blind) folded before Flop



PokerStars Hand #238549441941:  Hold'em No Limit ($0.05/$0.10 USD) - 2022/09/10 18:48:02 PT [2022/09/10 21:48:02 ET]
Table 'Carpenter II' 9-max Seat #9 is the button
Seat 4: Mr.Cleaner17 ($11.34 in chips) 
Seat 7: Dorex2007 ($10.98 in chips) 
Seat 9: redneckgardener ($4 in chips) 
xx714xx leaves the table
Mr.Cleaner17: posts small blind $0.05
satyrlegend: is sitting out 
Dorex2007: posts big blind $0.10
*** HOLE CARDS ***
Dealt to Dorex2007 [5h 4h]
redneckgardener: folds 
satyrlegend leaves the table
redneckgardener leaves the table
Mr.Cleaner17: raises $0.15 to $0.25
Dorex2007: calls $0.15
*** FLOP *** [Ac 3s 6h]
Mr.Cleaner17: bets $0.14
Dorex2007: folds 
Uncalled bet ($0.14) returned to Mr.Cleaner17
Mr.Cleaner17 collected $0.48 from pot
Mr.Cleaner17: doesn't show hand 
*** SUMMARY ***
Total pot $0.50 | Rake $0.02 
Board [Ac 3s 6h]
Seat 4: Mr.Cleaner17 (small blind) collected ($0.48)
Seat 7: Dorex2007 (big blind) folded on the Flop
Seat 9: redneckgardener (button) folded before Flop (didn't bet)



