PokerStars Hand #238108133597:  Hold'em No Limit ($0.02/$0.05 USD) - 2022/08/20 9:50:54 PT [2022/08/20 12:50:54 ET]
Table 'Maia IV' 9-max Seat #7 is the button
Seat 1: mimarosfil ($2.09 in chips) 
Seat 2: 16Shagynko16 ($5 in chips) 
Seat 3: kdu paliva ($4.70 in chips) 
Seat 4: Dorex2007 ($5 in chips) 
Seat 5: morlockz ($5 in chips) 
Seat 6: tanero112 ($7.28 in chips) 
Seat 7: HE0123 ($5 in chips) 
Seat 8: mommakayp ($2.45 in chips) 
Seat 9: chensucht ($4.78 in chips) 
mommakayp: posts small blind $0.02
chensucht: posts big blind $0.05
Dorex2007: posts big blind $0.05
*** HOLE CARDS ***
Dealt to Dorex2007 [Ac 8s]
mimarosfil: folds 
16Shagynko16: raises $0.15 to $0.20
kdu paliva: folds 
Dorex2007: folds 
morlockz: folds 
tanero112: folds 
HE0123: folds 
mommakayp: folds 
chensucht: folds 
Uncalled bet ($0.15) returned to 16Shagynko16
16Shagynko16 collected $0.17 from pot
16Shagynko16: doesn't show hand 
*** SUMMARY ***
Total pot $0.17 | Rake $0 
Seat 1: mimarosfil folded before Flop (didn't bet)
Seat 2: 16Shagynko16 collected ($0.17)
Seat 3: kdu paliva folded before Flop (didn't bet)
Seat 4: Dorex2007 folded before Flop (didn't bet)
Seat 5: morlockz folded before Flop (didn't bet)
Seat 6: tanero112 folded before Flop (didn't bet)
Seat 7: HE0123 (button) folded before Flop (didn't bet)
Seat 8: mommakayp (small blind) folded before Flop
Seat 9: chensucht (big blind) folded before Flop



PokerStars Hand #238108139370:  Hold'em No Limit ($0.02/$0.05 USD) - 2022/08/20 9:51:13 PT [2022/08/20 12:51:13 ET]
Table 'Maia IV' 9-max Seat #8 is the button
Seat 1: mimarosfil ($2.09 in chips) 
Seat 2: 16Shagynko16 ($5.12 in chips) 
Seat 3: kdu paliva ($4.70 in chips) 
Seat 4: Dorex2007 ($5 in chips) 
Seat 5: morlockz ($5 in chips) 
Seat 6: tanero112 ($7.28 in chips) 
Seat 7: HE0123 ($5 in chips) 
Seat 8: mommakayp ($2.43 in chips) 
Seat 9: chensucht ($4.73 in chips) 
chensucht: posts small blind $0.02
mimarosfil: posts big blind $0.05
*** HOLE CARDS ***
Dealt to Dorex2007 [Kd 2d]
16Shagynko16: folds 
kdu paliva: folds 
Dorex2007: folds 
morlockz: folds 
tanero112: folds 
HE0123: folds 
mommakayp: calls $0.05
chensucht: calls $0.03
mimarosfil: raises $0.15 to $0.20
mommakayp: calls $0.15
chensucht: folds 
*** FLOP *** [9h 2c 8c]
mimarosfil: bets $0.20
mommakayp: folds 
Uncalled bet ($0.20) returned to mimarosfil
mimarosfil collected $0.43 from pot
mimarosfil: doesn't show hand 
*** SUMMARY ***
Total pot $0.45 | Rake $0.02 
Board [9h 2c 8c]
Seat 1: mimarosfil (big blind) collected ($0.43)
Seat 2: 16Shagynko16 folded before Flop (didn't bet)
Seat 3: kdu paliva folded before Flop (didn't bet)
Seat 4: Dorex2007 folded before Flop (didn't bet)
Seat 5: morlockz folded before Flop (didn't bet)
Seat 6: tanero112 folded before Flop (didn't bet)
Seat 7: HE0123 folded before Flop (didn't bet)
Seat 8: mommakayp (button) folded on the Flop
Seat 9: chensucht (small blind) folded before Flop



PokerStars Hand #238108148590:  Hold'em No Limit ($0.02/$0.05 USD) - 2022/08/20 9:51:43 PT [2022/08/20 12:51:43 ET]
Table 'Maia IV' 9-max Seat #9 is the button
Seat 1: mimarosfil ($2.32 in chips) 
Seat 2: 16Shagynko16 ($5.12 in chips) 
Seat 3: kdu paliva ($4.70 in chips) 
Seat 4: Dorex2007 ($5 in chips) 
Seat 5: morlockz ($5 in chips) 
Seat 6: tanero112 ($7.28 in chips) 
Seat 7: HE0123 ($5 in chips) 
Seat 8: mommakayp ($2.23 in chips) 
Seat 9: chensucht ($4.68 in chips) 
mimarosfil: posts small blind $0.02
16Shagynko16: posts big blind $0.05
*** HOLE CARDS ***
Dealt to Dorex2007 [Ac 4h]
kdu paliva: folds 
Dorex2007: folds 
morlockz: folds 
tanero112: raises $0.10 to $0.15
HE0123: calls $0.15
mommakayp: calls $0.15
chensucht: folds 
mimarosfil: folds 
16Shagynko16: folds 
*** FLOP *** [8h 5d Jc]
tanero112: bets $0.25
HE0123: folds 
mommakayp: folds 
Uncalled bet ($0.25) returned to tanero112
tanero112 collected $0.50 from pot
tanero112: doesn't show hand 
*** SUMMARY ***
Total pot $0.52 | Rake $0.02 
Board [8h 5d Jc]
Seat 1: mimarosfil (small blind) folded before Flop
Seat 2: 16Shagynko16 (big blind) folded before Flop
Seat 3: kdu paliva folded before Flop (didn't bet)
Seat 4: Dorex2007 folded before Flop (didn't bet)
Seat 5: morlockz folded before Flop (didn't bet)
Seat 6: tanero112 collected ($0.50)
Seat 7: HE0123 folded on the Flop
Seat 8: mommakayp folded on the Flop
Seat 9: chensucht (button) folded before Flop (didn't bet)



PokerStars Hand #238108162192:  Hold'em No Limit ($0.02/$0.05 USD) - 2022/08/20 9:52:27 PT [2022/08/20 12:52:27 ET]
Table 'Maia IV' 9-max Seat #1 is the button
Seat 1: mimarosfil ($2.30 in chips) 
Seat 2: 16Shagynko16 ($5.07 in chips) 
Seat 3: kdu paliva ($4.70 in chips) 
Seat 4: Dorex2007 ($5 in chips) 
Seat 5: morlockz ($5 in chips) 
Seat 6: tanero112 ($7.63 in chips) 
Seat 7: HE0123 ($5 in chips) 
Seat 8: mommakayp ($2.08 in chips) 
Seat 9: chensucht ($4.68 in chips) 
16Shagynko16: posts small blind $0.02
kdu paliva: posts big blind $0.05
*** HOLE CARDS ***
Dealt to Dorex2007 [Kd 4h]
Dorex2007: folds 
morlockz: folds 
tanero112: folds 
HE0123: folds 
mommakayp: folds 
chensucht: folds 
mimarosfil: folds 
16Shagynko16: raises $0.10 to $0.15
kdu paliva: folds 
Uncalled bet ($0.10) returned to 16Shagynko16
16Shagynko16 collected $0.10 from pot
16Shagynko16: doesn't show hand 
*** SUMMARY ***
Total pot $0.10 | Rake $0 
Seat 1: mimarosfil (button) folded before Flop (didn't bet)
Seat 2: 16Shagynko16 (small blind) collected ($0.10)
Seat 3: kdu paliva (big blind) folded before Flop
Seat 4: Dorex2007 folded before Flop (didn't bet)
Seat 5: morlockz folded before Flop (didn't bet)
Seat 6: tanero112 folded before Flop (didn't bet)
Seat 7: HE0123 folded before Flop (didn't bet)
Seat 8: mommakayp folded before Flop (didn't bet)
Seat 9: chensucht folded before Flop (didn't bet)



PokerStars Hand #238108168158:  Hold'em No Limit ($0.02/$0.05 USD) - 2022/08/20 9:52:47 PT [2022/08/20 12:52:47 ET]
Table 'Maia IV' 9-max Seat #2 is the button
Seat 1: mimarosfil ($2.30 in chips) 
Seat 2: 16Shagynko16 ($5.12 in chips) 
Seat 3: kdu paliva ($4.65 in chips) 
Seat 4: Dorex2007 ($5 in chips) 
Seat 5: morlockz ($5 in chips) 
Seat 6: tanero112 ($7.63 in chips) 
Seat 7: HE0123 ($5 in chips) 
Seat 8: mommakayp ($2.08 in chips) 
Seat 9: chensucht ($4.68 in chips) 
kdu paliva: posts small blind $0.02
Dorex2007: posts big blind $0.05
*** HOLE CARDS ***
Dealt to Dorex2007 [7d Ac]
morlockz: folds 
tanero112: folds 
HE0123: folds 
mommakayp: calls $0.05
chensucht: folds 
mimarosfil: folds 
16Shagynko16: folds 
kdu paliva: calls $0.03
Dorex2007: checks 
*** FLOP *** [5s 9s 6c]
kdu paliva: checks 
Dorex2007: checks 
mommakayp: checks 
*** TURN *** [5s 9s 6c] [6s]
kdu paliva: checks 
Dorex2007: checks 
mommakayp: bets $0.07
kdu paliva: folds 
Dorex2007: folds 
Uncalled bet ($0.07) returned to mommakayp
mommakayp collected $0.14 from pot
*** SUMMARY ***
Total pot $0.15 | Rake $0.01 
Board [5s 9s 6c 6s]
Seat 1: mimarosfil folded before Flop (didn't bet)
Seat 2: 16Shagynko16 (button) folded before Flop (didn't bet)
Seat 3: kdu paliva (small blind) folded on the Turn
Seat 4: Dorex2007 (big blind) folded on the Turn
Seat 5: morlockz folded before Flop (didn't bet)
Seat 6: tanero112 folded before Flop (didn't bet)
Seat 7: HE0123 folded before Flop (didn't bet)
Seat 8: mommakayp collected ($0.14)
Seat 9: chensucht folded before Flop (didn't bet)



PokerStars Hand #238108245772:  Hold'em No Limit ($0.02/$0.05 USD) - 2022/08/20 9:57:05 PT [2022/08/20 12:57:05 ET]
Table 'Maia IV' 9-max Seat #2 is the button
Seat 1: mimarosfil ($2.30 in chips) 
Seat 2: 16Shagynko16 ($5.02 in chips) 
Seat 3: kdu paliva ($4.55 in chips) 
Seat 4: Dorex2007 ($5 in chips) 
Seat 5: morlockz ($5.20 in chips) 
Seat 6: tanero112 ($7.87 in chips) 
Seat 8: mommakayp ($1.91 in chips) 
Seat 9: chensucht ($4.61 in chips) 
kdu paliva: posts small blind $0.02
Dorex2007: posts big blind $0.05
Ginnungagap7: sits out 
*** HOLE CARDS ***
Dealt to Dorex2007 [5d 9c]
morlockz: folds 
tanero112: folds 
mommakayp: calls $0.05
chensucht: folds 
mimarosfil: folds 
16Shagynko16: folds 
kdu paliva: calls $0.03
Dorex2007: checks 
*** FLOP *** [7h Kd Tc]
kdu paliva: checks 
Dorex2007: checks 
mommakayp: bets $0.14
kdu paliva: folds 
Dorex2007: folds 
Uncalled bet ($0.14) returned to mommakayp
mommakayp collected $0.14 from pot
*** SUMMARY ***
Total pot $0.15 | Rake $0.01 
Board [7h Kd Tc]
Seat 1: mimarosfil folded before Flop (didn't bet)
Seat 2: 16Shagynko16 (button) folded before Flop (didn't bet)
Seat 3: kdu paliva (small blind) folded on the Flop
Seat 4: Dorex2007 (big blind) folded on the Flop
Seat 5: morlockz folded before Flop (didn't bet)
Seat 6: tanero112 folded before Flop (didn't bet)
Seat 8: mommakayp collected ($0.14)
Seat 9: chensucht folded before Flop (didn't bet)



PokerStars Hand #238108255430:  Hold'em No Limit ($0.02/$0.05 USD) - 2022/08/20 9:57:47 PT [2022/08/20 12:57:47 ET]
Table 'Maia IV' 9-max Seat #3 is the button
Seat 1: mimarosfil ($2.30 in chips) 
Seat 2: 16Shagynko16 ($5.02 in chips) 
Seat 3: kdu paliva ($4.50 in chips) 
Seat 4: Dorex2007 ($5 in chips) 
Seat 5: morlockz ($5.20 in chips) 
Seat 8: mommakayp ($2 in chips) 
Seat 9: chensucht ($4.61 in chips) 
Dorex2007: posts small blind $0.02
morlockz: posts big blind $0.05
Ginnungagap7: sits out 
*** HOLE CARDS ***
Dealt to Dorex2007 [7d 9h]
mommakayp: calls $0.05
chensucht: folds 
mimarosfil: folds 
16Shagynko16: folds 
kdu paliva: raises $0.10 to $0.15
Dorex2007: folds 
morlockz: folds 
mommakayp: calls $0.10
*** FLOP *** [5d 3s 4d]
mommakayp: bets $0.35
kdu paliva: raises $4 to $4.35 and is all-in
mommakayp: folds 
Uncalled bet ($4) returned to kdu paliva
kdu paliva collected $1.03 from pot
*** SUMMARY ***
Total pot $1.07 | Rake $0.04 
Board [5d 3s 4d]
Seat 1: mimarosfil folded before Flop (didn't bet)
Seat 2: 16Shagynko16 folded before Flop (didn't bet)
Seat 3: kdu paliva (button) collected ($1.03)
Seat 4: Dorex2007 (small blind) folded before Flop
Seat 5: morlockz (big blind) folded before Flop
Seat 8: mommakayp folded on the Flop
Seat 9: chensucht folded before Flop (didn't bet)



PokerStars Hand #238108262262:  Hold'em No Limit ($0.02/$0.05 USD) - 2022/08/20 9:58:16 PT [2022/08/20 12:58:16 ET]
Table 'Maia IV' 9-max Seat #4 is the button
Seat 1: mimarosfil ($2.30 in chips) 
Seat 2: 16Shagynko16 ($5.02 in chips) 
Seat 3: kdu paliva ($5.03 in chips) 
Seat 4: Dorex2007 ($5 in chips) 
Seat 5: morlockz ($5.15 in chips) 
Seat 7: Ginnungagap7 ($2 in chips) 
Seat 8: mommakayp ($1.50 in chips) 
Seat 9: chensucht ($4.61 in chips) 
morlockz: posts small blind $0.02
Ginnungagap7: posts big blind $0.05
*** HOLE CARDS ***
Dealt to Dorex2007 [Kc 9d]
mommakayp: folds 
chensucht: folds 
mimarosfil: folds 
16Shagynko16: folds 
kdu paliva: raises $0.10 to $0.15
Dorex2007: folds 
morlockz: folds 
Ginnungagap7: folds 
Uncalled bet ($0.10) returned to kdu paliva
kdu paliva collected $0.12 from pot
*** SUMMARY ***
Total pot $0.12 | Rake $0 
Seat 1: mimarosfil folded before Flop (didn't bet)
Seat 2: 16Shagynko16 folded before Flop (didn't bet)
Seat 3: kdu paliva collected ($0.12)
Seat 4: Dorex2007 (button) folded before Flop (didn't bet)
Seat 5: morlockz (small blind) folded before Flop
Seat 7: Ginnungagap7 (big blind) folded before Flop
Seat 8: mommakayp folded before Flop (didn't bet)
Seat 9: chensucht folded before Flop (didn't bet)



PokerStars Hand #238108269165:  Hold'em No Limit ($0.02/$0.05 USD) - 2022/08/20 9:58:45 PT [2022/08/20 12:58:45 ET]
Table 'Maia IV' 9-max Seat #5 is the button
Seat 1: mimarosfil ($2.30 in chips) 
Seat 2: 16Shagynko16 ($5.02 in chips) 
Seat 3: kdu paliva ($5.10 in chips) 
Seat 4: Dorex2007 ($5 in chips) 
Seat 5: morlockz ($5.13 in chips) 
Seat 7: Ginnungagap7 ($1.95 in chips) 
Seat 8: mommakayp ($1.50 in chips) 
Seat 9: chensucht ($4.61 in chips) 
Ginnungagap7: posts small blind $0.02
mommakayp: posts big blind $0.05
*** HOLE CARDS ***
Dealt to Dorex2007 [2c Tc]
chensucht: folds 
mimarosfil: folds 
16Shagynko16: folds 
kdu paliva: folds 
Dorex2007: folds 
morlockz: folds 
Ginnungagap7: raises $0.10 to $0.15
mommakayp: calls $0.10
*** FLOP *** [5d 4d 5c]
Ginnungagap7: bets $0.22
mommakayp: folds 
Uncalled bet ($0.22) returned to Ginnungagap7
Ginnungagap7 collected $0.29 from pot
Ginnungagap7: doesn't show hand 
*** SUMMARY ***
Total pot $0.30 | Rake $0.01 
Board [5d 4d 5c]
Seat 1: mimarosfil folded before Flop (didn't bet)
Seat 2: 16Shagynko16 folded before Flop (didn't bet)
Seat 3: kdu paliva folded before Flop (didn't bet)
Seat 4: Dorex2007 folded before Flop (didn't bet)
Seat 5: morlockz (button) folded before Flop (didn't bet)
Seat 7: Ginnungagap7 (small blind) collected ($0.29)
Seat 8: mommakayp (big blind) folded on the Flop
Seat 9: chensucht folded before Flop (didn't bet)



PokerStars Hand #238108275424:  Hold'em No Limit ($0.02/$0.05 USD) - 2022/08/20 9:59:12 PT [2022/08/20 12:59:12 ET]
Table 'Maia IV' 9-max Seat #7 is the button
Seat 1: mimarosfil ($2.30 in chips) 
Seat 2: 16Shagynko16 ($5.02 in chips) 
Seat 3: kdu paliva ($5.10 in chips) 
Seat 4: Dorex2007 ($5 in chips) 
Seat 5: morlockz ($5.13 in chips) 
Seat 7: Ginnungagap7 ($2.09 in chips) 
Seat 8: mommakayp ($1.35 in chips) 
Seat 9: chensucht ($4.61 in chips) 
mommakayp: posts small blind $0.02
chensucht: posts big blind $0.05
*** HOLE CARDS ***
Dealt to Dorex2007 [Qd 7s]
mimarosfil: calls $0.05
16Shagynko16: folds 
kdu paliva: folds 
Dorex2007: folds 
morlockz: folds 
Ginnungagap7: folds 
mommakayp: calls $0.03
chensucht: checks 
*** FLOP *** [5s 4s Ah]
mommakayp: checks 
chensucht: checks 
mimarosfil: bets $0.14
mommakayp: calls $0.14
chensucht: folds 
*** TURN *** [5s 4s Ah] [3s]
mommakayp: checks 
mimarosfil: checks 
*** RIVER *** [5s 4s Ah 3s] [7h]
mommakayp: bets $0.41
mimarosfil: calls $0.41
*** SHOW DOWN ***
mommakayp: shows [Jc Kd] (high card Ace)
mimarosfil: shows [Qh Ac] (a pair of Aces)
mimarosfil collected $1.20 from pot
*** SUMMARY ***
Total pot $1.25 | Rake $0.05 
Board [5s 4s Ah 3s 7h]
Seat 1: mimarosfil showed [Qh Ac] and won ($1.20) with a pair of Aces
Seat 2: 16Shagynko16 folded before Flop (didn't bet)
Seat 3: kdu paliva folded before Flop (didn't bet)
Seat 4: Dorex2007 folded before Flop (didn't bet)
Seat 5: morlockz folded before Flop (didn't bet)
Seat 7: Ginnungagap7 (button) folded before Flop (didn't bet)
Seat 8: mommakayp (small blind) showed [Jc Kd] and lost with high card Ace
Seat 9: chensucht (big blind) folded on the Flop



PokerStars Hand #238108283896:  Hold'em No Limit ($0.02/$0.05 USD) - 2022/08/20 9:59:49 PT [2022/08/20 12:59:49 ET]
Table 'Maia IV' 9-max Seat #8 is the button
Seat 1: mimarosfil ($2.90 in chips) 
Seat 2: 16Shagynko16 ($5.02 in chips) 
Seat 3: kdu paliva ($5.10 in chips) 
Seat 4: Dorex2007 ($5 in chips) 
Seat 5: morlockz ($5.13 in chips) 
Seat 7: Ginnungagap7 ($2.09 in chips) 
Seat 8: mommakayp ($0.75 in chips) 
Seat 9: chensucht ($4.56 in chips) 
chensucht: posts small blind $0.02
mimarosfil: posts big blind $0.05
*** HOLE CARDS ***
Dealt to Dorex2007 [4s Qc]
16Shagynko16: raises $0.12 to $0.17
kdu paliva: folds 
Dorex2007: folds 
morlockz: folds 
Ginnungagap7: calls $0.17
mommakayp: calls $0.17
chensucht: raises $0.43 to $0.60
mimarosfil: folds 
16Shagynko16: calls $0.43
Ginnungagap7: raises $1.49 to $2.09 and is all-in
mommakayp: calls $0.58 and is all-in
chensucht: folds 
16Shagynko16: calls $1.49
*** FLOP *** [Jh 3s 8h]
*** TURN *** [Jh 3s 8h] [Ts]
*** RIVER *** [Jh 3s 8h Ts] [9c]
*** SHOW DOWN ***
16Shagynko16: shows [Ac Kh] (high card Ace)
Ginnungagap7: shows [Qd As] (a straight, Eight to Queen)
Ginnungagap7 collected $2.57 from side pot
mommakayp: shows [6s Ks] (high card King)
Ginnungagap7 collected $2.78 from main pot
*** SUMMARY ***
Total pot $5.58 Main pot $2.78. Side pot $2.57. | Rake $0.23 
Board [Jh 3s 8h Ts 9c]
Seat 1: mimarosfil (big blind) folded before Flop
Seat 2: 16Shagynko16 showed [Ac Kh] and lost with high card Ace
Seat 3: kdu paliva folded before Flop (didn't bet)
Seat 4: Dorex2007 folded before Flop (didn't bet)
Seat 5: morlockz folded before Flop (didn't bet)
Seat 7: Ginnungagap7 showed [Qd As] and won ($5.35) with a straight, Eight to Queen
Seat 8: mommakayp (button) showed [6s Ks] and lost with high card King
Seat 9: chensucht (small blind) folded before Flop



PokerStars Hand #238108300243:  Hold'em No Limit ($0.02/$0.05 USD) - 2022/08/20 10:00:55 PT [2022/08/20 13:00:55 ET]
Table 'Maia IV' 9-max Seat #9 is the button
Seat 1: mimarosfil ($2.85 in chips) 
Seat 2: 16Shagynko16 ($5 in chips) 
Seat 3: kdu paliva ($5.10 in chips) 
Seat 4: Dorex2007 ($5 in chips) 
Seat 5: morlockz ($5.13 in chips) 
Seat 7: Ginnungagap7 ($5.35 in chips) 
Seat 9: chensucht ($3.96 in chips) 
mimarosfil: posts small blind $0.02
16Shagynko16: posts big blind $0.05
*** HOLE CARDS ***
Dealt to Dorex2007 [Ad Tc]
kdu paliva: folds 
mommakayp leaves the table
Dorex2007: raises $0.05 to $0.10
morlockz: folds 
Ginnungagap7: folds 
chensucht: folds 
mimarosfil: folds 
16Shagynko16: folds 
Uncalled bet ($0.05) returned to Dorex2007
Dorex2007 collected $0.12 from pot
Dorex2007: doesn't show hand 
*** SUMMARY ***
Total pot $0.12 | Rake $0 
Seat 1: mimarosfil (small blind) folded before Flop
Seat 2: 16Shagynko16 (big blind) folded before Flop
Seat 3: kdu paliva folded before Flop (didn't bet)
Seat 4: Dorex2007 collected ($0.12)
Seat 5: morlockz folded before Flop (didn't bet)
Seat 7: Ginnungagap7 folded before Flop (didn't bet)
Seat 9: chensucht (button) folded before Flop (didn't bet)



PokerStars Hand #238108306240:  Hold'em No Limit ($0.02/$0.05 USD) - 2022/08/20 10:01:17 PT [2022/08/20 13:01:17 ET]
Table 'Maia IV' 9-max Seat #1 is the button
Seat 1: mimarosfil ($2.83 in chips) 
Seat 2: 16Shagynko16 ($5 in chips) 
Seat 3: kdu paliva ($5.10 in chips) 
Seat 4: Dorex2007 ($5.07 in chips) 
Seat 5: morlockz ($5.13 in chips) 
Seat 7: Ginnungagap7 ($5.35 in chips) 
Seat 9: chensucht ($3.96 in chips) 
16Shagynko16: posts small blind $0.02
kdu paliva: posts big blind $0.05
*** HOLE CARDS ***
Dealt to Dorex2007 [Jc Qh]
Dorex2007: folds 
morlockz: folds 
Ginnungagap7: folds 
chensucht: folds 
mimarosfil: raises $0.05 to $0.10
aksenovilya joins the table at seat #8 
16Shagynko16: calls $0.08
kdu paliva: folds 
*** FLOP *** [4c Qd 8c]
16Shagynko16: checks 
mimarosfil: bets $0.12
16Shagynko16: calls $0.12
*** TURN *** [4c Qd 8c] [6d]
16Shagynko16: checks 
mimarosfil: checks 
*** RIVER *** [4c Qd 8c 6d] [3s]
16Shagynko16: bets $0.28
mimarosfil: calls $0.28
*** SHOW DOWN ***
16Shagynko16: shows [As Ac] (a pair of Aces)
mimarosfil: mucks hand 
16Shagynko16 collected $1.01 from pot
*** SUMMARY ***
Total pot $1.05 | Rake $0.04 
Board [4c Qd 8c 6d 3s]
Seat 1: mimarosfil (button) mucked [Ks Kd]
Seat 2: 16Shagynko16 (small blind) showed [As Ac] and won ($1.01) with a pair of Aces
Seat 3: kdu paliva (big blind) folded before Flop
Seat 4: Dorex2007 folded before Flop (didn't bet)
Seat 5: morlockz folded before Flop (didn't bet)
Seat 7: Ginnungagap7 folded before Flop (didn't bet)
Seat 9: chensucht folded before Flop (didn't bet)



PokerStars Hand #238108322289:  Hold'em No Limit ($0.02/$0.05 USD) - 2022/08/20 10:02:12 PT [2022/08/20 13:02:12 ET]
Table 'Maia IV' 9-max Seat #2 is the button
Seat 1: mimarosfil ($2.33 in chips) 
Seat 2: 16Shagynko16 ($5.51 in chips) 
Seat 3: kdu paliva ($5.05 in chips) 
Seat 4: Dorex2007 ($5.07 in chips) 
Seat 5: morlockz ($5.13 in chips) 
Seat 7: Ginnungagap7 ($5.35 in chips) 
Seat 8: aksenovilya ($3.18 in chips) 
Seat 9: chensucht ($3.96 in chips) 
kdu paliva: posts small blind $0.02
Dorex2007: posts big blind $0.05
aksenovilya: posts big blind $0.05
*** HOLE CARDS ***
Dealt to Dorex2007 [6d 5h]
morlockz: folds 
Ginnungagap7: folds 
aksenovilya: checks 
chensucht: calls $0.05
mimarosfil: calls $0.05
16Shagynko16: folds 
kdu paliva: calls $0.03
Dorex2007: checks 
*** FLOP *** [6c 9h As]
kdu paliva: bets $0.15
Dorex2007: folds 
aksenovilya: folds 
chensucht: calls $0.15
mimarosfil: folds 
*** TURN *** [6c 9h As] [4s]
kdu paliva: checks 
chensucht: bets $0.30
kdu paliva: raises $0.85 to $1.15
chensucht: calls $0.85
*** RIVER *** [6c 9h As 4s] [8c]
kdu paliva: checks 
chensucht: checks 
*** SHOW DOWN ***
kdu paliva: shows [Ad 9c] (two pair, Aces and Nines)
chensucht: mucks hand 
kdu paliva collected $2.73 from pot
*** SUMMARY ***
Total pot $2.85 | Rake $0.12 
Board [6c 9h As 4s 8c]
Seat 1: mimarosfil folded on the Flop
Seat 2: 16Shagynko16 (button) folded before Flop (didn't bet)
Seat 3: kdu paliva (small blind) showed [Ad 9c] and won ($2.73) with two pair, Aces and Nines
Seat 4: Dorex2007 (big blind) folded on the Flop
Seat 5: morlockz folded before Flop (didn't bet)
Seat 7: Ginnungagap7 folded before Flop (didn't bet)
Seat 8: aksenovilya folded on the Flop (didn't bet)
Seat 9: chensucht mucked [Ks 9s]



PokerStars Hand #238108337699:  Hold'em No Limit ($0.02/$0.05 USD) - 2022/08/20 10:03:04 PT [2022/08/20 13:03:04 ET]
Table 'Maia IV' 9-max Seat #3 is the button
Seat 1: mimarosfil ($2.28 in chips) 
Seat 2: 16Shagynko16 ($5.51 in chips) 
Seat 3: kdu paliva ($6.43 in chips) 
Seat 4: Dorex2007 ($5.02 in chips) 
Seat 7: Ginnungagap7 ($5.35 in chips) 
Seat 8: aksenovilya ($3.13 in chips) 
Seat 9: chensucht ($2.61 in chips) 
Dorex2007: posts small blind $0.02
morlockz: is sitting out 
Ginnungagap7: posts big blind $0.05
*** HOLE CARDS ***
Dealt to Dorex2007 [2s 3h]
aksenovilya: raises $0.10 to $0.15
chensucht: folds 
mimarosfil: folds 
16Shagynko16: calls $0.15
kdu paliva: calls $0.15
Dorex2007: folds 
Ginnungagap7: folds 
*** FLOP *** [7s 7h Kc]
aksenovilya: bets $0.25
16Shagynko16: folds 
kdu paliva: folds 
Uncalled bet ($0.25) returned to aksenovilya
aksenovilya collected $0.50 from pot
*** SUMMARY ***
Total pot $0.52 | Rake $0.02 
Board [7s 7h Kc]
Seat 1: mimarosfil folded before Flop (didn't bet)
Seat 2: 16Shagynko16 folded on the Flop
Seat 3: kdu paliva (button) folded on the Flop
Seat 4: Dorex2007 (small blind) folded before Flop
Seat 7: Ginnungagap7 (big blind) folded before Flop
Seat 8: aksenovilya collected ($0.50)
Seat 9: chensucht folded before Flop (didn't bet)



PokerStars Hand #238108346104:  Hold'em No Limit ($0.02/$0.05 USD) - 2022/08/20 10:03:31 PT [2022/08/20 13:03:31 ET]
Table 'Maia IV' 9-max Seat #4 is the button
Seat 1: mimarosfil ($2.28 in chips) 
Seat 2: 16Shagynko16 ($5.36 in chips) 
Seat 3: kdu paliva ($6.28 in chips) 
Seat 4: Dorex2007 ($5 in chips) 
Seat 7: Ginnungagap7 ($5.30 in chips) 
Seat 8: aksenovilya ($3.48 in chips) 
Seat 9: chensucht ($2.61 in chips) 
Ginnungagap7: posts small blind $0.02
aksenovilya: posts big blind $0.05
*** HOLE CARDS ***
Dealt to Dorex2007 [Js Qs]
chensucht: folds 
mimarosfil: calls $0.05
16Shagynko16: folds 
kdu paliva: folds 
Dorex2007: raises $0.15 to $0.20
Ginnungagap7: folds 
aksenovilya: calls $0.15
mimarosfil: calls $0.15
*** FLOP *** [Jd 7s 9c]
aksenovilya: bets $0.29
mimarosfil: calls $0.29
Dorex2007: raises $0.29 to $0.58
aksenovilya: calls $0.29
mimarosfil: calls $0.29
*** TURN *** [Jd 7s 9c] [4c]
aksenovilya: checks 
mimarosfil: checks 
morlockz leaves the table
Dorex2007: bets $1.13
aksenovilya: folds 
mimarosfil: folds 
Uncalled bet ($1.13) returned to Dorex2007
Dorex2007 collected $2.26 from pot
Dorex2007: doesn't show hand 
*** SUMMARY ***
Total pot $2.36 | Rake $0.10 
Board [Jd 7s 9c 4c]
Seat 1: mimarosfil folded on the Turn
Seat 2: 16Shagynko16 folded before Flop (didn't bet)
Seat 3: kdu paliva folded before Flop (didn't bet)
Seat 4: Dorex2007 (button) collected ($2.26)
Seat 7: Ginnungagap7 (small blind) folded before Flop
Seat 8: aksenovilya (big blind) folded on the Turn
Seat 9: chensucht folded before Flop (didn't bet)



PokerStars Hand #238108359609:  Hold'em No Limit ($0.02/$0.05 USD) - 2022/08/20 10:04:15 PT [2022/08/20 13:04:15 ET]
Table 'Maia IV' 9-max Seat #7 is the button
Seat 1: mimarosfil ($1.50 in chips) 
Seat 2: 16Shagynko16 ($5.36 in chips) 
Seat 3: kdu paliva ($6.28 in chips) 
Seat 4: Dorex2007 ($6.48 in chips) 
Seat 7: Ginnungagap7 ($5.28 in chips) 
Seat 8: aksenovilya ($2.70 in chips) 
Seat 9: chensucht ($2.61 in chips) 
aksenovilya: posts small blind $0.02
chensucht: posts big blind $0.05
*** HOLE CARDS ***
Dealt to Dorex2007 [Jd 2h]
Manuelito180 joins the table at seat #5 
mimarosfil: raises $0.05 to $0.10
16Shagynko16: folds 
kdu paliva: folds 
Dorex2007: folds 
Ginnungagap7: folds 
aksenovilya: raises $0.05 to $0.15
chensucht: folds 
mimarosfil: calls $0.05
*** FLOP *** [9d 6h 7d]
aksenovilya: bets $0.17
mimarosfil: folds 
Uncalled bet ($0.17) returned to aksenovilya
aksenovilya collected $0.34 from pot
*** SUMMARY ***
Total pot $0.35 | Rake $0.01 
Board [9d 6h 7d]
Seat 1: mimarosfil folded on the Flop
Seat 2: 16Shagynko16 folded before Flop (didn't bet)
Seat 3: kdu paliva folded before Flop (didn't bet)
Seat 4: Dorex2007 folded before Flop (didn't bet)
Seat 7: Ginnungagap7 (button) folded before Flop (didn't bet)
Seat 8: aksenovilya (small blind) collected ($0.34)
Seat 9: chensucht (big blind) folded before Flop



PokerStars Hand #238108370026:  Hold'em No Limit ($0.02/$0.05 USD) - 2022/08/20 10:04:49 PT [2022/08/20 13:04:49 ET]
Table 'Maia IV' 9-max Seat #8 is the button
Seat 1: mimarosfil ($1.35 in chips) 
Seat 2: 16Shagynko16 ($5.36 in chips) 
Seat 3: kdu paliva ($6.28 in chips) 
Seat 4: Dorex2007 ($6.48 in chips) 
Seat 7: Ginnungagap7 ($5.28 in chips) 
Seat 8: aksenovilya ($2.89 in chips) 
Seat 9: chensucht ($2.56 in chips) 
chensucht: posts small blind $0.02
mimarosfil: posts big blind $0.05
Manuelito180: sits out 
*** HOLE CARDS ***
Dealt to Dorex2007 [9d Ks]
16Shagynko16: folds 
kdu paliva: raises $0.10 to $0.15
Dorex2007: folds 
Ginnungagap7: folds 
aksenovilya: raises $0.37 to $0.52
chensucht: folds 
mimarosfil: folds 
kdu paliva: folds 
Uncalled bet ($0.37) returned to aksenovilya
aksenovilya collected $0.37 from pot
*** SUMMARY ***
Total pot $0.37 | Rake $0 
Seat 1: mimarosfil (big blind) folded before Flop
Seat 2: 16Shagynko16 folded before Flop (didn't bet)
Seat 3: kdu paliva folded before Flop
Seat 4: Dorex2007 folded before Flop (didn't bet)
Seat 7: Ginnungagap7 folded before Flop (didn't bet)
Seat 8: aksenovilya (button) collected ($0.37)
Seat 9: chensucht (small blind) folded before Flop



PokerStars Hand #238108375764:  Hold'em No Limit ($0.02/$0.05 USD) - 2022/08/20 10:05:08 PT [2022/08/20 13:05:08 ET]
Table 'Maia IV' 9-max Seat #9 is the button
Seat 1: mimarosfil ($1.30 in chips) 
Seat 2: 16Shagynko16 ($5.36 in chips) 
Seat 3: kdu paliva ($6.13 in chips) 
Seat 4: Dorex2007 ($6.48 in chips) 
Seat 7: Ginnungagap7 ($5.28 in chips) 
Seat 8: aksenovilya ($3.11 in chips) 
Seat 9: chensucht ($2.54 in chips) 
mimarosfil: posts small blind $0.02
16Shagynko16: posts big blind $0.05
Manuelito180: sits out 
tanero112: sits out 
*** HOLE CARDS ***
Dealt to Dorex2007 [5s 2s]
kdu paliva: folds 
Dorex2007: folds 
Ginnungagap7: folds 
aksenovilya: raises $0.10 to $0.15
chensucht: folds 
mimarosfil: folds 
16Shagynko16: folds 
Uncalled bet ($0.10) returned to aksenovilya
aksenovilya collected $0.12 from pot
*** SUMMARY ***
Total pot $0.12 | Rake $0 
Seat 1: mimarosfil (small blind) folded before Flop
Seat 2: 16Shagynko16 (big blind) folded before Flop
Seat 3: kdu paliva folded before Flop (didn't bet)
Seat 4: Dorex2007 folded before Flop (didn't bet)
Seat 7: Ginnungagap7 folded before Flop (didn't bet)
Seat 8: aksenovilya collected ($0.12)
Seat 9: chensucht (button) folded before Flop (didn't bet)



PokerStars Hand #238108381517:  Hold'em No Limit ($0.02/$0.05 USD) - 2022/08/20 10:05:26 PT [2022/08/20 13:05:26 ET]
Table 'Maia IV' 9-max Seat #1 is the button
Seat 1: mimarosfil ($1.28 in chips) 
Seat 2: 16Shagynko16 ($5.31 in chips) 
Seat 3: kdu paliva ($6.13 in chips) 
Seat 4: Dorex2007 ($6.48 in chips) 
Seat 7: Ginnungagap7 ($5.28 in chips) 
Seat 8: aksenovilya ($3.18 in chips) 
Seat 9: chensucht ($2.54 in chips) 
16Shagynko16: posts small blind $0.02
kdu paliva: posts big blind $0.05
Manuelito180: sits out 
tanero112: sits out 
*** HOLE CARDS ***
Dealt to Dorex2007 [2d 6c]
Dorex2007: folds 
Ginnungagap7: raises $0.10 to $0.15
aksenovilya: calls $0.15
chensucht: folds 
mimarosfil: folds 
16Shagynko16: folds 
kdu paliva: folds 
*** FLOP *** [2s Qc Qs]
Ginnungagap7: bets $0.26
aksenovilya: raises $0.26 to $0.52
Ginnungagap7: calls $0.26
*** TURN *** [2s Qc Qs] [Tc]
Ginnungagap7: checks 
aksenovilya: bets $2.51 and is all-in
Ginnungagap7: folds 
Uncalled bet ($2.51) returned to aksenovilya
aksenovilya collected $1.35 from pot
*** SUMMARY ***
Total pot $1.41 | Rake $0.06 
Board [2s Qc Qs Tc]
Seat 1: mimarosfil (button) folded before Flop (didn't bet)
Seat 2: 16Shagynko16 (small blind) folded before Flop
Seat 3: kdu paliva (big blind) folded before Flop
Seat 4: Dorex2007 folded before Flop (didn't bet)
Seat 7: Ginnungagap7 folded on the Turn
Seat 8: aksenovilya collected ($1.35)
Seat 9: chensucht folded before Flop (didn't bet)



PokerStars Hand #238108394578:  Hold'em No Limit ($0.02/$0.05 USD) - 2022/08/20 10:06:09 PT [2022/08/20 13:06:09 ET]
Table 'Maia IV' 9-max Seat #2 is the button
Seat 1: mimarosfil ($1.28 in chips) 
Seat 2: 16Shagynko16 ($5.29 in chips) 
Seat 3: kdu paliva ($6.08 in chips) 
Seat 4: Dorex2007 ($6.48 in chips) 
Seat 7: Ginnungagap7 ($4.61 in chips) 
Seat 8: aksenovilya ($3.86 in chips) 
Seat 9: chensucht ($2.54 in chips) 
kdu paliva: posts small blind $0.02
Dorex2007: posts big blind $0.05
Manuelito180: sits out 
tanero112: sits out 
*** HOLE CARDS ***
Dealt to Dorex2007 [Ac Ad]
Ginnungagap7: folds 
aksenovilya: raises $0.10 to $0.15
chensucht: folds 
mimarosfil: calls $0.15
16Shagynko16: folds 
kdu paliva: calls $0.13
Dorex2007: raises $0.10 to $0.25
aksenovilya: raises $0.80 to $1.05
mimarosfil: folds 
kdu paliva: folds 
Dorex2007: raises $2.40 to $3.45
aksenovilya: raises $0.41 to $3.86 and is all-in
Dorex2007: calls $0.41
*** FLOP *** [9h 4c 7c]
*** TURN *** [9h 4c 7c] [5h]
*** RIVER *** [9h 4c 7c 5h] [8s]
*** SHOW DOWN ***
Dorex2007: shows [Ac Ad] (a pair of Aces)
aksenovilya: shows [6c As] (a straight, Five to Nine)
aksenovilya collected $7.69 from pot
Dorex2007 cashed out the hand for $7.15 | Cash Out Fee $0.07
*** SUMMARY ***
Total pot $8.02 | Rake $0.33 
Board [9h 4c 7c 5h 8s]
Seat 1: mimarosfil folded before Flop
Seat 2: 16Shagynko16 (button) folded before Flop (didn't bet)
Seat 3: kdu paliva (small blind) folded before Flop
Seat 4: Dorex2007 (big blind) showed [Ac Ad] and lost with a pair of Aces (cashed out).
Seat 7: Ginnungagap7 folded before Flop (didn't bet)
Seat 8: aksenovilya showed [6c As] and won ($7.69) with a straight, Five to Nine
Seat 9: chensucht folded before Flop (didn't bet)



PokerStars Hand #238108411005:  Hold'em No Limit ($0.02/$0.05 USD) - 2022/08/20 10:07:02 PT [2022/08/20 13:07:02 ET]
Table 'Maia IV' 9-max Seat #3 is the button
Seat 1: mimarosfil ($1.13 in chips) 
Seat 2: 16Shagynko16 ($5.29 in chips) 
Seat 3: kdu paliva ($5.93 in chips) 
Seat 4: Dorex2007 ($9.77 in chips) 
Seat 5: Manuelito180 ($5 in chips) 
Seat 7: Ginnungagap7 ($4.61 in chips) 
Seat 8: aksenovilya ($7.69 in chips) 
Seat 9: chensucht ($2.54 in chips) 
Dorex2007: posts small blind $0.02
Manuelito180: posts big blind $0.05
tanero112: sits out 
*** HOLE CARDS ***
Dealt to Dorex2007 [Th Kh]
Ginnungagap7: folds 
aksenovilya: raises $0.10 to $0.15
chensucht: folds 
mimarosfil: folds 
16Shagynko16: folds 
kdu paliva: calls $0.15
Dorex2007: calls $0.13
Manuelito180: calls $0.10
*** FLOP *** [3d 3s 9h]
Dorex2007: checks 
Manuelito180: bets $0.29
aksenovilya: folds 
kdu paliva: calls $0.29
Dorex2007: folds 
*** TURN *** [3d 3s 9h] [4c]
Manuelito180: checks 
kdu paliva: checks 
*** RIVER *** [3d 3s 9h 4c] [9c]
Manuelito180: checks 
kdu paliva: checks 
*** SHOW DOWN ***
Manuelito180: shows [7h 7c] (two pair, Nines and Sevens)
kdu paliva: mucks hand 
Manuelito180 collected $1.13 from pot
*** SUMMARY ***
Total pot $1.18 | Rake $0.05 
Board [3d 3s 9h 4c 9c]
Seat 1: mimarosfil folded before Flop (didn't bet)
Seat 2: 16Shagynko16 folded before Flop (didn't bet)
Seat 3: kdu paliva (button) mucked [Kd Jc]
Seat 4: Dorex2007 (small blind) folded on the Flop
Seat 5: Manuelito180 (big blind) showed [7h 7c] and won ($1.13) with two pair, Nines and Sevens
Seat 7: Ginnungagap7 folded before Flop (didn't bet)
Seat 8: aksenovilya folded on the Flop
Seat 9: chensucht folded before Flop (didn't bet)



PokerStars Hand #238108427118:  Hold'em No Limit ($0.02/$0.05 USD) - 2022/08/20 10:07:54 PT [2022/08/20 13:07:54 ET]
Table 'Maia IV' 9-max Seat #4 is the button
Seat 1: mimarosfil ($1.13 in chips) 
Seat 2: 16Shagynko16 ($5.29 in chips) 
Seat 3: kdu paliva ($5.49 in chips) 
Seat 4: Dorex2007 ($9.62 in chips) 
Seat 5: Manuelito180 ($5.69 in chips) 
Seat 6: tanero112 ($7.87 in chips) 
Seat 7: Ginnungagap7 ($4.61 in chips) 
Seat 8: aksenovilya ($7.54 in chips) 
Seat 9: chensucht ($2.54 in chips) 
Manuelito180: posts small blind $0.02
tanero112: posts big blind $0.05
*** HOLE CARDS ***
Dealt to Dorex2007 [9s Tc]
Ginnungagap7: folds 
aksenovilya: folds 
chensucht: folds 
mimarosfil: raises $0.07 to $0.12
16Shagynko16: raises $0.18 to $0.30
kdu paliva: folds 
Dorex2007: folds 
Manuelito180: folds 
tanero112: folds 
mimarosfil: folds [Ah]
Uncalled bet ($0.18) returned to 16Shagynko16
16Shagynko16 collected $0.31 from pot
16Shagynko16: doesn't show hand 
*** SUMMARY ***
Total pot $0.31 | Rake $0 
Seat 1: mimarosfil folded before Flop
Seat 2: 16Shagynko16 collected ($0.31)
Seat 3: kdu paliva folded before Flop (didn't bet)
Seat 4: Dorex2007 (button) folded before Flop (didn't bet)
Seat 5: Manuelito180 (small blind) folded before Flop
Seat 6: tanero112 (big blind) folded before Flop
Seat 7: Ginnungagap7 folded before Flop (didn't bet)
Seat 8: aksenovilya folded before Flop (didn't bet)
Seat 9: chensucht folded before Flop (didn't bet)



PokerStars Hand #238108437069:  Hold'em No Limit ($0.02/$0.05 USD) - 2022/08/20 10:08:26 PT [2022/08/20 13:08:26 ET]
Table 'Maia IV' 9-max Seat #5 is the button
Seat 1: mimarosfil ($1.01 in chips) 
Seat 2: 16Shagynko16 ($5.48 in chips) 
Seat 3: kdu paliva ($5.49 in chips) 
Seat 4: Dorex2007 ($9.62 in chips) 
Seat 5: Manuelito180 ($5.67 in chips) 
Seat 6: tanero112 ($7.82 in chips) 
Seat 7: Ginnungagap7 ($4.61 in chips) 
Seat 8: aksenovilya ($7.54 in chips) 
Seat 9: chensucht ($2.54 in chips) 
tanero112: posts small blind $0.02
Ginnungagap7: posts big blind $0.05
*** HOLE CARDS ***
Dealt to Dorex2007 [2d Js]
aksenovilya: folds 
chensucht: folds 
mimarosfil: folds 
16Shagynko16: folds 
kdu paliva: raises $0.10 to $0.15
Dorex2007: folds 
Manuelito180: folds 
tanero112: folds 
Ginnungagap7: folds 
Uncalled bet ($0.10) returned to kdu paliva
kdu paliva collected $0.12 from pot
*** SUMMARY ***
Total pot $0.12 | Rake $0 
Seat 1: mimarosfil folded before Flop (didn't bet)
Seat 2: 16Shagynko16 folded before Flop (didn't bet)
Seat 3: kdu paliva collected ($0.12)
Seat 4: Dorex2007 folded before Flop (didn't bet)
Seat 5: Manuelito180 (button) folded before Flop (didn't bet)
Seat 6: tanero112 (small blind) folded before Flop
Seat 7: Ginnungagap7 (big blind) folded before Flop
Seat 8: aksenovilya folded before Flop (didn't bet)
Seat 9: chensucht folded before Flop (didn't bet)



PokerStars Hand #238108442842:  Hold'em No Limit ($0.02/$0.05 USD) - 2022/08/20 10:08:45 PT [2022/08/20 13:08:45 ET]
Table 'Maia IV' 9-max Seat #6 is the button
Seat 1: mimarosfil ($1.01 in chips) 
Seat 2: 16Shagynko16 ($5.48 in chips) 
Seat 3: kdu paliva ($5.56 in chips) 
Seat 4: Dorex2007 ($9.62 in chips) 
Seat 5: Manuelito180 ($5.67 in chips) 
Seat 6: tanero112 ($7.80 in chips) 
Seat 7: Ginnungagap7 ($4.56 in chips) 
Seat 8: aksenovilya ($7.54 in chips) 
Seat 9: chensucht ($2.54 in chips) 
Ginnungagap7: posts small blind $0.02
aksenovilya: posts big blind $0.05
*** HOLE CARDS ***
Dealt to Dorex2007 [Ad 9h]
chensucht: folds 
mimarosfil: folds 
16Shagynko16: folds 
kdu paliva: folds 
Dorex2007: folds 
Manuelito180: folds 
tanero112: raises $0.10 to $0.15
Ginnungagap7: folds 
aksenovilya: raises $0.32 to $0.47
kdu paliva leaves the table
tanero112: calls $0.32
*** FLOP *** [7c 6h 7s]
aksenovilya: bets $0.46
tanero112: calls $0.46
*** TURN *** [7c 6h 7s] [Td]
aksenovilya: bets $0.90
tanero112: calls $0.90
*** RIVER *** [7c 6h 7s Td] [Jc]
pickup63 joins the table at seat #3 
aksenovilya: bets $1.76
tanero112: calls $1.76
*** SHOW DOWN ***
aksenovilya: shows [4h 2s] (a pair of Sevens)
tanero112: shows [Ks Jd] (two pair, Jacks and Sevens)
tanero112 collected $6.82 from pot
*** SUMMARY ***
Total pot $7.20 | Rake $0.38 
Board [7c 6h 7s Td Jc]
Seat 1: mimarosfil folded before Flop (didn't bet)
Seat 2: 16Shagynko16 folded before Flop (didn't bet)
Seat 3: kdu paliva folded before Flop (didn't bet)
Seat 4: Dorex2007 folded before Flop (didn't bet)
Seat 5: Manuelito180 folded before Flop (didn't bet)
Seat 6: tanero112 (button) showed [Ks Jd] and won ($6.82) with two pair, Jacks and Sevens
Seat 7: Ginnungagap7 (small blind) folded before Flop
Seat 8: aksenovilya (big blind) showed [4h 2s] and lost with a pair of Sevens
Seat 9: chensucht folded before Flop (didn't bet)



PokerStars Hand #238108454905:  Hold'em No Limit ($0.02/$0.05 USD) - 2022/08/20 10:09:24 PT [2022/08/20 13:09:24 ET]
Table 'Maia IV' 9-max Seat #7 is the button
Seat 1: mimarosfil ($1.01 in chips) 
Seat 2: 16Shagynko16 ($5.48 in chips) 
Seat 4: Dorex2007 ($9.62 in chips) 
Seat 5: Manuelito180 ($5.67 in chips) 
Seat 6: tanero112 ($11.03 in chips) 
Seat 7: Ginnungagap7 ($4.54 in chips) 
Seat 8: aksenovilya ($3.95 in chips) 
Seat 9: chensucht ($2.54 in chips) 
aksenovilya: posts small blind $0.02
chensucht: posts big blind $0.05
pickup63 has timed out
pickup63: is sitting out 
*** HOLE CARDS ***
Dealt to Dorex2007 [2h 3h]
mimarosfil: folds 
16Shagynko16: folds 
Dorex2007: folds 
Manuelito180: raises $0.10 to $0.15
tanero112: folds 
Ginnungagap7: folds 
aksenovilya: raises $0.35 to $0.50
chensucht: folds 
Manuelito180: calls $0.35
*** FLOP *** [5s 8c 7h]
aksenovilya: bets $0.50
Manuelito180: calls $0.50
*** TURN *** [5s 8c 7h] [Ah]
aksenovilya: bets $1.96
Manuelito180: folds 
Uncalled bet ($1.96) returned to aksenovilya
aksenovilya collected $1.96 from pot
*** SUMMARY ***
Total pot $2.05 | Rake $0.09 
Board [5s 8c 7h Ah]
Seat 1: mimarosfil folded before Flop (didn't bet)
Seat 2: 16Shagynko16 folded before Flop (didn't bet)
Seat 4: Dorex2007 folded before Flop (didn't bet)
Seat 5: Manuelito180 folded on the Turn
Seat 6: tanero112 folded before Flop (didn't bet)
Seat 7: Ginnungagap7 (button) folded before Flop (didn't bet)
Seat 8: aksenovilya (small blind) collected ($1.96)
Seat 9: chensucht (big blind) folded before Flop



PokerStars Hand #238108473236:  Hold'em No Limit ($0.02/$0.05 USD) - 2022/08/20 10:10:17 PT [2022/08/20 13:10:17 ET]
Table 'Maia IV' 9-max Seat #8 is the button
Seat 1: mimarosfil ($1.01 in chips) 
Seat 2: 16Shagynko16 ($5.48 in chips) 
Seat 4: Dorex2007 ($9.62 in chips) 
Seat 5: Manuelito180 ($4.67 in chips) 
Seat 6: tanero112 ($11.03 in chips) 
Seat 7: Ginnungagap7 ($4.54 in chips) 
Seat 8: aksenovilya ($4.91 in chips) 
Seat 9: chensucht ($2.49 in chips) 
chensucht: posts small blind $0.02
mimarosfil: posts big blind $0.05
pickup63: sits out 
*** HOLE CARDS ***
Dealt to Dorex2007 [4s 2h]
16Shagynko16: folds 
Dorex2007: folds 
Manuelito180: raises $0.10 to $0.15
tanero112: folds 
Ginnungagap7: folds 
aksenovilya: raises $0.37 to $0.52
chensucht: folds 
mimarosfil: folds 
Manuelito180: raises $4.15 to $4.67 and is all-in
aksenovilya: calls $4.15
*** FLOP *** [9h Ac Th]
*** TURN *** [9h Ac Th] [Js]
*** RIVER *** [9h Ac Th Js] [6c]
*** SHOW DOWN ***
Manuelito180: shows [Kh Ah] (a pair of Aces)
aksenovilya: shows [Qs Qd] (a pair of Queens)
Manuelito180 collected $9.02 from pot
*** SUMMARY ***
Total pot $9.41 | Rake $0.39 
Board [9h Ac Th Js 6c]
Seat 1: mimarosfil (big blind) folded before Flop
Seat 2: 16Shagynko16 folded before Flop (didn't bet)
Seat 4: Dorex2007 folded before Flop (didn't bet)
Seat 5: Manuelito180 showed [Kh Ah] and won ($9.02) with a pair of Aces
Seat 6: tanero112 folded before Flop (didn't bet)
Seat 7: Ginnungagap7 folded before Flop (didn't bet)
Seat 8: aksenovilya (button) showed [Qs Qd] and lost with a pair of Queens
Seat 9: chensucht (small blind) folded before Flop



PokerStars Hand #238108487131:  Hold'em No Limit ($0.02/$0.05 USD) - 2022/08/20 10:11:02 PT [2022/08/20 13:11:02 ET]
Table 'Maia IV' 9-max Seat #9 is the button
Seat 1: mimarosfil ($0.96 in chips) 
Seat 2: 16Shagynko16 ($5.48 in chips) 
Seat 4: Dorex2007 ($9.62 in chips) 
Seat 5: Manuelito180 ($9.02 in chips) 
Seat 6: tanero112 ($11.03 in chips) 
Seat 7: Ginnungagap7 ($4.54 in chips) 
Seat 8: aksenovilya ($0.24 in chips) 
Seat 9: chensucht ($2.47 in chips) 
mimarosfil: posts small blind $0.02
16Shagynko16: posts big blind $0.05
pickup63: sits out 
*** HOLE CARDS ***
Dealt to Dorex2007 [Ks Qs]
Dorex2007: raises $0.10 to $0.15
Manuelito180: folds 
tanero112: folds 
Ginnungagap7: folds 
aksenovilya: raises $0.09 to $0.24 and is all-in
chensucht: folds 
mimarosfil: folds 
16Shagynko16: calls $0.19
Dorex2007: calls $0.09
*** FLOP *** [9d Jd Ah]
16Shagynko16: checks 
Dorex2007: checks 
*** TURN *** [9d Jd Ah] [Qd]
16Shagynko16: checks 
Dorex2007: checks 
*** RIVER *** [9d Jd Ah Qd] [Jc]
16Shagynko16: checks 
Dorex2007: checks 
*** SHOW DOWN ***
16Shagynko16: shows [Qc Kc] (two pair, Queens and Jacks)
Dorex2007: shows [Ks Qs] (two pair, Queens and Jacks)
aksenovilya: mucks hand 
16Shagynko16 collected $0.36 from pot
Dorex2007 collected $0.35 from pot
*** SUMMARY ***
Total pot $0.74 | Rake $0.03 
Board [9d Jd Ah Qd Jc]
Seat 1: mimarosfil (small blind) folded before Flop
Seat 2: 16Shagynko16 (big blind) showed [Qc Kc] and won ($0.36) with two pair, Queens and Jacks
Seat 4: Dorex2007 showed [Ks Qs] and won ($0.35) with two pair, Queens and Jacks
Seat 5: Manuelito180 folded before Flop (didn't bet)
Seat 6: tanero112 folded before Flop (didn't bet)
Seat 7: Ginnungagap7 folded before Flop (didn't bet)
Seat 8: aksenovilya mucked [6s 6h]
Seat 9: chensucht (button) folded before Flop (didn't bet)



PokerStars Hand #238108502703:  Hold'em No Limit ($0.02/$0.05 USD) - 2022/08/20 10:11:53 PT [2022/08/20 13:11:53 ET]
Table 'Maia IV' 9-max Seat #1 is the button
Seat 1: mimarosfil ($0.94 in chips) 
Seat 2: 16Shagynko16 ($5.60 in chips) 
Seat 3: pickup63 ($2 in chips) 
Seat 4: Dorex2007 ($9.73 in chips) 
Seat 5: Manuelito180 ($9.02 in chips) 
Seat 6: tanero112 ($11.03 in chips) 
Seat 7: Ginnungagap7 ($4.54 in chips) 
Seat 9: chensucht ($2.47 in chips) 
16Shagynko16: posts small blind $0.02
pickup63: posts big blind $0.05
*** HOLE CARDS ***
Dealt to Dorex2007 [Jc 7s]
Dorex2007: folds 
Manuelito180: folds 
tanero112: folds 
Ginnungagap7: raises $0.10 to $0.15
chensucht: folds 
mimarosfil: folds 
aksenovilya leaves the table
16Shagynko16: folds 
pickup63: folds 
Uncalled bet ($0.10) returned to Ginnungagap7
Ginnungagap7 collected $0.12 from pot
Ginnungagap7: doesn't show hand 
*** SUMMARY ***
Total pot $0.12 | Rake $0 
Seat 1: mimarosfil (button) folded before Flop (didn't bet)
Seat 2: 16Shagynko16 (small blind) folded before Flop
Seat 3: pickup63 (big blind) folded before Flop
Seat 4: Dorex2007 folded before Flop (didn't bet)
Seat 5: Manuelito180 folded before Flop (didn't bet)
Seat 6: tanero112 folded before Flop (didn't bet)
Seat 7: Ginnungagap7 collected ($0.12)
Seat 9: chensucht folded before Flop (didn't bet)



PokerStars Hand #238108508290:  Hold'em No Limit ($0.02/$0.05 USD) - 2022/08/20 10:12:11 PT [2022/08/20 13:12:11 ET]
Table 'Maia IV' 9-max Seat #2 is the button
Seat 1: mimarosfil ($0.94 in chips) 
Seat 2: 16Shagynko16 ($5.58 in chips) 
Seat 3: pickup63 ($1.95 in chips) 
Seat 4: Dorex2007 ($9.73 in chips) 
Seat 5: Manuelito180 ($9.02 in chips) 
Seat 6: tanero112 ($11.03 in chips) 
Seat 7: Ginnungagap7 ($4.61 in chips) 
Seat 9: chensucht ($2.47 in chips) 
pickup63: posts small blind $0.02
Dorex2007: posts big blind $0.05
*** HOLE CARDS ***
Dealt to Dorex2007 [3d 2s]
Manuelito180: folds 
tanero112: folds 
Ginnungagap7: folds 
chensucht: folds 
mimarosfil: folds 
16Shagynko16: raises $0.07 to $0.12
pickup63: raises $0.13 to $0.25
Dorex2007: folds 
16Shagynko16: calls $0.13
*** FLOP *** [7h 6h 9d]
pickup63: checks 
16Shagynko16: checks 
*** TURN *** [7h 6h 9d] [8c]
pickup63: bets $0.26
16Shagynko16: calls $0.26
*** RIVER *** [7h 6h 9d 8c] [As]
pickup63: bets $0.51
16Shagynko16: raises $1.03 to $1.54
pickup63: calls $0.93 and is all-in
Uncalled bet ($0.10) returned to 16Shagynko16
*** SHOW DOWN ***
16Shagynko16: shows [Ts Qc] (a straight, Six to Ten)
pickup63: shows [Td Jd] (a straight, Seven to Jack)
pickup63 collected $3.75 from pot
*** SUMMARY ***
Total pot $3.95 | Rake $0.20 
Board [7h 6h 9d 8c As]
Seat 1: mimarosfil folded before Flop (didn't bet)
Seat 2: 16Shagynko16 (button) showed [Ts Qc] and lost with a straight, Six to Ten
Seat 3: pickup63 (small blind) showed [Td Jd] and won ($3.75) with a straight, Seven to Jack
Seat 4: Dorex2007 (big blind) folded before Flop
Seat 5: Manuelito180 folded before Flop (didn't bet)
Seat 6: tanero112 folded before Flop (didn't bet)
Seat 7: Ginnungagap7 folded before Flop (didn't bet)
Seat 9: chensucht folded before Flop (didn't bet)



PokerStars Hand #238108535732:  Hold'em No Limit ($0.02/$0.05 USD) - 2022/08/20 10:13:42 PT [2022/08/20 13:13:42 ET]
Table 'Maia IV' 9-max Seat #3 is the button
Seat 1: mimarosfil ($0.94 in chips) 
Seat 2: 16Shagynko16 ($5 in chips) 
Seat 3: pickup63 ($3.75 in chips) 
Seat 4: Dorex2007 ($9.68 in chips) 
Seat 5: Manuelito180 ($9.02 in chips) 
Seat 6: tanero112 ($11.03 in chips) 
Seat 7: Ginnungagap7 ($4.61 in chips) 
Seat 9: chensucht ($2.47 in chips) 
Dorex2007: posts small blind $0.02
Manuelito180: posts big blind $0.05
*** HOLE CARDS ***
Dealt to Dorex2007 [Ad 6d]
tanero112: folds 
Ginnungagap7: folds 
chensucht: raises $0.10 to $0.15
mimarosfil: folds 
16Shagynko16: folds 
pickup63: raises $0.25 to $0.40
Dorex2007: folds 
Manuelito180: folds 
chensucht: folds 
Uncalled bet ($0.25) returned to pickup63
pickup63 collected $0.37 from pot
pickup63: doesn't show hand 
*** SUMMARY ***
Total pot $0.37 | Rake $0 
Seat 1: mimarosfil folded before Flop (didn't bet)
Seat 2: 16Shagynko16 folded before Flop (didn't bet)
Seat 3: pickup63 (button) collected ($0.37)
Seat 4: Dorex2007 (small blind) folded before Flop
Seat 5: Manuelito180 (big blind) folded before Flop
Seat 6: tanero112 folded before Flop (didn't bet)
Seat 7: Ginnungagap7 folded before Flop (didn't bet)
Seat 9: chensucht folded before Flop



PokerStars Hand #238108542566:  Hold'em No Limit ($0.02/$0.05 USD) - 2022/08/20 10:14:04 PT [2022/08/20 13:14:04 ET]
Table 'Maia IV' 9-max Seat #4 is the button
Seat 1: mimarosfil ($0.94 in chips) 
Seat 2: 16Shagynko16 ($5 in chips) 
Seat 3: pickup63 ($3.97 in chips) 
Seat 4: Dorex2007 ($9.66 in chips) 
Seat 5: Manuelito180 ($8.97 in chips) 
Seat 6: tanero112 ($11.03 in chips) 
Seat 7: Ginnungagap7 ($4.61 in chips) 
Seat 9: chensucht ($2.32 in chips) 
Manuelito180: posts small blind $0.02
tanero112: posts big blind $0.05
*** HOLE CARDS ***
Dealt to Dorex2007 [Js 7c]
Ginnungagap7: folds 
chensucht: folds 
mimarosfil: folds 
16Shagynko16: folds 
pickup63: folds 
Dorex2007: folds 
Manuelito180: raises $0.10 to $0.15
tanero112: folds 
Uncalled bet ($0.10) returned to Manuelito180
Manuelito180 collected $0.10 from pot
*** SUMMARY ***
Total pot $0.10 | Rake $0 
Seat 1: mimarosfil folded before Flop (didn't bet)
Seat 2: 16Shagynko16 folded before Flop (didn't bet)
Seat 3: pickup63 folded before Flop (didn't bet)
Seat 4: Dorex2007 (button) folded before Flop (didn't bet)
Seat 5: Manuelito180 (small blind) collected ($0.10)
Seat 6: tanero112 (big blind) folded before Flop
Seat 7: Ginnungagap7 folded before Flop (didn't bet)
Seat 9: chensucht folded before Flop (didn't bet)



PokerStars Hand #238108548538:  Hold'em No Limit ($0.02/$0.05 USD) - 2022/08/20 10:14:24 PT [2022/08/20 13:14:24 ET]
Table 'Maia IV' 9-max Seat #5 is the button
Seat 1: mimarosfil ($0.94 in chips) 
Seat 2: 16Shagynko16 ($5 in chips) 
Seat 3: pickup63 ($3.97 in chips) 
Seat 4: Dorex2007 ($9.66 in chips) 
Seat 5: Manuelito180 ($9.02 in chips) 
Seat 6: tanero112 ($10.98 in chips) 
Seat 7: Ginnungagap7 ($4.61 in chips) 
Seat 9: chensucht ($2.32 in chips) 
tanero112: posts small blind $0.02
Ginnungagap7: posts big blind $0.05
*** HOLE CARDS ***
Dealt to Dorex2007 [3c Th]
chensucht: folds 
mimarosfil: folds 
16Shagynko16: raises $0.10 to $0.15
pickup63: folds 
Dorex2007: folds 
Manuelito180: folds 
tanero112: folds 
Ginnungagap7: folds 
Uncalled bet ($0.10) returned to 16Shagynko16
16Shagynko16 collected $0.12 from pot
16Shagynko16: doesn't show hand 
*** SUMMARY ***
Total pot $0.12 | Rake $0 
Seat 1: mimarosfil folded before Flop (didn't bet)
Seat 2: 16Shagynko16 collected ($0.12)
Seat 3: pickup63 folded before Flop (didn't bet)
Seat 4: Dorex2007 folded before Flop (didn't bet)
Seat 5: Manuelito180 (button) folded before Flop (didn't bet)
Seat 6: tanero112 (small blind) folded before Flop
Seat 7: Ginnungagap7 (big blind) folded before Flop
Seat 9: chensucht folded before Flop (didn't bet)



PokerStars Hand #238108554140:  Hold'em No Limit ($0.02/$0.05 USD) - 2022/08/20 10:14:42 PT [2022/08/20 13:14:42 ET]
Table 'Maia IV' 9-max Seat #6 is the button
Seat 1: mimarosfil ($0.94 in chips) 
Seat 2: 16Shagynko16 ($5.07 in chips) 
Seat 3: pickup63 ($3.97 in chips) 
Seat 4: Dorex2007 ($9.66 in chips) 
Seat 5: Manuelito180 ($9.02 in chips) 
Seat 6: tanero112 ($10.96 in chips) 
Seat 7: Ginnungagap7 ($4.56 in chips) 
Seat 9: chensucht ($2.32 in chips) 
Ginnungagap7: posts small blind $0.02
chensucht: posts big blind $0.05
*** HOLE CARDS ***
Dealt to Dorex2007 [2d 9h]
mimarosfil: raises $0.05 to $0.10
16Shagynko16: folds 
pickup63: folds 
Dorex2007: folds 
Manuelito180: calls $0.10
tanero112: folds 
Ginnungagap7: folds 
chensucht: raises $0.30 to $0.40
mimarosfil: folds 
Manuelito180: calls $0.30
*** FLOP *** [6c Jc 5c]
chensucht: bets $0.45
Manuelito180: folds 
Uncalled bet ($0.45) returned to chensucht
chensucht collected $0.88 from pot
*** SUMMARY ***
Total pot $0.92 | Rake $0.04 
Board [6c Jc 5c]
Seat 1: mimarosfil folded before Flop
Seat 2: 16Shagynko16 folded before Flop (didn't bet)
Seat 3: pickup63 folded before Flop (didn't bet)
Seat 4: Dorex2007 folded before Flop (didn't bet)
Seat 5: Manuelito180 folded on the Flop
Seat 6: tanero112 (button) folded before Flop (didn't bet)
Seat 7: Ginnungagap7 (small blind) folded before Flop
Seat 9: chensucht (big blind) collected ($0.88)



PokerStars Hand #238108568176:  Hold'em No Limit ($0.02/$0.05 USD) - 2022/08/20 10:15:27 PT [2022/08/20 13:15:27 ET]
Table 'Maia IV' 9-max Seat #7 is the button
Seat 1: mimarosfil ($0.84 in chips) 
Seat 2: 16Shagynko16 ($5.07 in chips) 
Seat 3: pickup63 ($3.97 in chips) 
Seat 4: Dorex2007 ($9.66 in chips) 
Seat 5: Manuelito180 ($8.62 in chips) 
Seat 6: tanero112 ($10.96 in chips) 
Seat 7: Ginnungagap7 ($4.54 in chips) 
Seat 9: chensucht ($2.80 in chips) 
chensucht: posts small blind $0.02
mimarosfil: posts big blind $0.05
*** HOLE CARDS ***
Dealt to Dorex2007 [4h 6d]
16Shagynko16: raises $0.12 to $0.17
pickup63: folds 
Dorex2007: folds 
Manuelito180: folds 
tanero112: folds 
Ginnungagap7: folds 
chensucht: folds 
JayJayJohnson joins the table at seat #8 
mimarosfil: calls $0.12
*** FLOP *** [9d 2s 4c]
mimarosfil: checks 
16Shagynko16: checks 
*** TURN *** [9d 2s 4c] [Kh]
mimarosfil: checks 
16Shagynko16: checks 
*** RIVER *** [9d 2s 4c Kh] [Td]
mimarosfil: checks 
16Shagynko16: bets $0.17
mimarosfil: folds 
Uncalled bet ($0.17) returned to 16Shagynko16
16Shagynko16 collected $0.35 from pot
16Shagynko16: doesn't show hand 
*** SUMMARY ***
Total pot $0.36 | Rake $0.01 
Board [9d 2s 4c Kh Td]
Seat 1: mimarosfil (big blind) folded on the River
Seat 2: 16Shagynko16 collected ($0.35)
Seat 3: pickup63 folded before Flop (didn't bet)
Seat 4: Dorex2007 folded before Flop (didn't bet)
Seat 5: Manuelito180 folded before Flop (didn't bet)
Seat 6: tanero112 folded before Flop (didn't bet)
Seat 7: Ginnungagap7 (button) folded before Flop (didn't bet)
Seat 9: chensucht (small blind) folded before Flop



PokerStars Hand #238108589028:  Hold'em No Limit ($0.02/$0.05 USD) - 2022/08/20 10:16:33 PT [2022/08/20 13:16:33 ET]
Table 'Maia IV' 9-max Seat #9 is the button
Seat 1: mimarosfil ($0.67 in chips) 
Seat 2: 16Shagynko16 ($5.25 in chips) 
Seat 3: pickup63 ($3.97 in chips) 
Seat 4: Dorex2007 ($9.66 in chips) 
Seat 5: Manuelito180 ($8.62 in chips) 
Seat 6: tanero112 ($10.96 in chips) 
Seat 7: Ginnungagap7 ($4.54 in chips) 
Seat 8: JayJayJohnson ($5 in chips) 
Seat 9: chensucht ($2.78 in chips) 
mimarosfil: posts small blind $0.02
16Shagynko16: posts big blind $0.05
JayJayJohnson: posts big blind $0.05
*** HOLE CARDS ***
Dealt to Dorex2007 [Jc 8c]
pickup63: folds 
Dorex2007: folds 
Manuelito180: folds 
tanero112: folds 
Ginnungagap7: folds 
JayJayJohnson: checks 
chensucht: calls $0.05
pickup63 leaves the table
mimarosfil: calls $0.03
16Shagynko16: checks 
*** FLOP *** [2d 8h 9h]
mimarosfil: checks 
16Shagynko16: checks 
JayJayJohnson: checks 
chensucht: bets $0.10
mimarosfil: folds 
16Shagynko16: folds 
JayJayJohnson: folds 
Uncalled bet ($0.10) returned to chensucht
chensucht collected $0.19 from pot
*** SUMMARY ***
Total pot $0.20 | Rake $0.01 
Board [2d 8h 9h]
Seat 1: mimarosfil (small blind) folded on the Flop
Seat 2: 16Shagynko16 (big blind) folded on the Flop
Seat 3: pickup63 folded before Flop (didn't bet)
Seat 4: Dorex2007 folded before Flop (didn't bet)
Seat 5: Manuelito180 folded before Flop (didn't bet)
Seat 6: tanero112 folded before Flop (didn't bet)
Seat 7: Ginnungagap7 folded before Flop (didn't bet)
Seat 8: JayJayJohnson folded on the Flop (didn't bet)
Seat 9: chensucht (button) collected ($0.19)



PokerStars Hand #238108600655:  Hold'em No Limit ($0.02/$0.05 USD) - 2022/08/20 10:17:09 PT [2022/08/20 13:17:09 ET]
Table 'Maia IV' 9-max Seat #1 is the button
Seat 1: mimarosfil ($0.62 in chips) 
Seat 2: 16Shagynko16 ($5.20 in chips) 
Seat 4: Dorex2007 ($9.66 in chips) 
Seat 5: Manuelito180 ($8.62 in chips) 
Seat 6: tanero112 ($10.96 in chips) 
Seat 7: Ginnungagap7 ($4.54 in chips) 
Seat 8: JayJayJohnson ($4.95 in chips) 
Seat 9: chensucht ($2.92 in chips) 
16Shagynko16: posts small blind $0.02
Dorex2007: posts big blind $0.05
*** HOLE CARDS ***
Dealt to Dorex2007 [Tc 3c]
Manuelito180: folds 
Manuelito180 leaves the table
tanero112: folds 
Ginnungagap7: folds 
JayJayJohnson: folds 
chensucht: folds 
mimarosfil: folds 
16Shagynko16: folds 
Uncalled bet ($0.03) returned to Dorex2007
Dorex2007 collected $0.04 from pot
Dorex2007: doesn't show hand 
*** SUMMARY ***
Total pot $0.04 | Rake $0 
Seat 1: mimarosfil (button) folded before Flop (didn't bet)
Seat 2: 16Shagynko16 (small blind) folded before Flop
Seat 4: Dorex2007 (big blind) collected ($0.04)
Seat 5: Manuelito180 folded before Flop (didn't bet)
Seat 6: tanero112 folded before Flop (didn't bet)
Seat 7: Ginnungagap7 folded before Flop (didn't bet)
Seat 8: JayJayJohnson folded before Flop (didn't bet)
Seat 9: chensucht folded before Flop (didn't bet)



PokerStars Hand #238108605083:  Hold'em No Limit ($0.02/$0.05 USD) - 2022/08/20 10:17:22 PT [2022/08/20 13:17:22 ET]
Table 'Maia IV' 9-max Seat #2 is the button
Seat 1: mimarosfil ($0.62 in chips) 
Seat 2: 16Shagynko16 ($5.18 in chips) 
Seat 4: Dorex2007 ($9.68 in chips) 
Seat 6: tanero112 ($10.96 in chips) 
Seat 7: Ginnungagap7 ($4.54 in chips) 
Seat 8: JayJayJohnson ($4.95 in chips) 
Seat 9: chensucht ($2.92 in chips) 
Dorex2007: posts small blind $0.02
tanero112: posts big blind $0.05
*** HOLE CARDS ***
Dealt to Dorex2007 [8s Qd]
Ginnungagap7: raises $0.10 to $0.15
JayJayJohnson: calls $0.15
chensucht: folds 
mimarosfil: folds 
16Shagynko16: calls $0.15
Dorex2007: folds 
tanero112: calls $0.10
*** FLOP *** [Tc 4s 4h]
tanero112: checks 
Ginnungagap7: checks 
JayJayJohnson: checks 
16Shagynko16: bets $0.26
tanero112: folds 
Ginnungagap7: folds 
JayJayJohnson: folds 
Uncalled bet ($0.26) returned to 16Shagynko16
16Shagynko16 collected $0.59 from pot
16Shagynko16: doesn't show hand 
*** SUMMARY ***
Total pot $0.62 | Rake $0.03 
Board [Tc 4s 4h]
Seat 1: mimarosfil folded before Flop (didn't bet)
Seat 2: 16Shagynko16 (button) collected ($0.59)
Seat 4: Dorex2007 (small blind) folded before Flop
Seat 6: tanero112 (big blind) folded on the Flop
Seat 7: Ginnungagap7 folded on the Flop
Seat 8: JayJayJohnson folded on the Flop
Seat 9: chensucht folded before Flop (didn't bet)



PokerStars Hand #238108626729:  Hold'em No Limit ($0.02/$0.05 USD) - 2022/08/20 10:18:29 PT [2022/08/20 13:18:29 ET]
Table 'Maia IV' 9-max Seat #4 is the button
Seat 1: mimarosfil ($0.62 in chips) 
Seat 2: 16Shagynko16 ($5.62 in chips) 
Seat 4: Dorex2007 ($9.66 in chips) 
Seat 6: tanero112 ($10.81 in chips) 
Seat 7: Ginnungagap7 ($4.39 in chips) 
Seat 8: JayJayJohnson ($4.80 in chips) 
Seat 9: chensucht ($2.92 in chips) 
tanero112: posts small blind $0.02
Ginnungagap7: posts big blind $0.05
*** HOLE CARDS ***
Dealt to Dorex2007 [Js Ad]
JayJayJohnson: folds 
chensucht: folds 
mimarosfil: folds 
16Shagynko16: folds 
Dorex2007: raises $0.05 to $0.10
tanero112: folds 
Ginnungagap7: folds 
Uncalled bet ($0.05) returned to Dorex2007
Dorex2007 collected $0.12 from pot
Dorex2007: doesn't show hand 
*** SUMMARY ***
Total pot $0.12 | Rake $0 
Seat 1: mimarosfil folded before Flop (didn't bet)
Seat 2: 16Shagynko16 folded before Flop (didn't bet)
Seat 4: Dorex2007 (button) collected ($0.12)
Seat 6: tanero112 (small blind) folded before Flop
Seat 7: Ginnungagap7 (big blind) folded before Flop
Seat 8: JayJayJohnson folded before Flop (didn't bet)
Seat 9: chensucht folded before Flop (didn't bet)



PokerStars Hand #238108633555:  Hold'em No Limit ($0.02/$0.05 USD) - 2022/08/20 10:18:50 PT [2022/08/20 13:18:50 ET]
Table 'Maia IV' 9-max Seat #6 is the button
Seat 1: mimarosfil ($0.62 in chips) 
Seat 2: 16Shagynko16 ($5.62 in chips) 
Seat 4: Dorex2007 ($9.73 in chips) 
Seat 6: tanero112 ($10.79 in chips) 
Seat 7: Ginnungagap7 ($4.34 in chips) 
Seat 8: JayJayJohnson ($4.80 in chips) 
Seat 9: chensucht ($2.92 in chips) 
Ginnungagap7: posts small blind $0.02
JayJayJohnson: posts big blind $0.05
*** HOLE CARDS ***
Dealt to Dorex2007 [Jh 7s]
chensucht: folds 
mimarosfil: folds 
16Shagynko16: folds 
Dorex2007: folds 
tanero112: folds 
Ginnungagap7: raises $0.10 to $0.15
JayJayJohnson: folds 
Uncalled bet ($0.10) returned to Ginnungagap7
Ginnungagap7 collected $0.10 from pot
Ginnungagap7: doesn't show hand 
*** SUMMARY ***
Total pot $0.10 | Rake $0 
Seat 1: mimarosfil folded before Flop (didn't bet)
Seat 2: 16Shagynko16 folded before Flop (didn't bet)
Seat 4: Dorex2007 folded before Flop (didn't bet)
Seat 6: tanero112 (button) folded before Flop (didn't bet)
Seat 7: Ginnungagap7 (small blind) collected ($0.10)
Seat 8: JayJayJohnson (big blind) folded before Flop
Seat 9: chensucht folded before Flop (didn't bet)



PokerStars Hand #238108637195:  Hold'em No Limit ($0.02/$0.05 USD) - 2022/08/20 10:19:02 PT [2022/08/20 13:19:02 ET]
Table 'Maia IV' 9-max Seat #7 is the button
Seat 1: mimarosfil ($0.62 in chips) 
Seat 2: 16Shagynko16 ($5.62 in chips) 
Seat 4: Dorex2007 ($9.73 in chips) 
Seat 6: tanero112 ($10.79 in chips) 
Seat 7: Ginnungagap7 ($4.39 in chips) 
Seat 8: JayJayJohnson ($4.75 in chips) 
Seat 9: chensucht ($2.92 in chips) 
JayJayJohnson: posts small blind $0.02
chensucht: posts big blind $0.05
*** HOLE CARDS ***
Dealt to Dorex2007 [Kd 7s]
mimarosfil: folds 
16Shagynko16: folds 
Dorex2007: folds 
tanero112: folds 
Ginnungagap7: raises $0.10 to $0.15
JayJayJohnson: calls $0.13
chensucht: calls $0.10
*** FLOP *** [6c 6h 2h]
JayJayJohnson: checks 
chensucht: checks 
Ginnungagap7: checks 
*** TURN *** [6c 6h 2h] [3s]
JayJayJohnson: bets $0.15
chensucht: calls $0.15
Ginnungagap7: folds 
*** RIVER *** [6c 6h 2h 3s] [Kc]
JayJayJohnson: checks 
chensucht: checks 
*** SHOW DOWN ***
JayJayJohnson: shows [5d 5s] (two pair, Sixes and Fives)
chensucht: mucks hand 
JayJayJohnson collected $0.72 from pot
*** SUMMARY ***
Total pot $0.75 | Rake $0.03 
Board [6c 6h 2h 3s Kc]
Seat 1: mimarosfil folded before Flop (didn't bet)
Seat 2: 16Shagynko16 folded before Flop (didn't bet)
Seat 4: Dorex2007 folded before Flop (didn't bet)
Seat 6: tanero112 folded before Flop (didn't bet)
Seat 7: Ginnungagap7 (button) folded on the Turn
Seat 8: JayJayJohnson (small blind) showed [5d 5s] and won ($0.72) with two pair, Sixes and Fives
Seat 9: chensucht (big blind) mucked [4h Ah]



PokerStars Hand #238108651856:  Hold'em No Limit ($0.02/$0.05 USD) - 2022/08/20 10:19:47 PT [2022/08/20 13:19:47 ET]
Table 'Maia IV' 9-max Seat #8 is the button
Seat 1: mimarosfil ($0.62 in chips) 
Seat 2: 16Shagynko16 ($5.62 in chips) 
Seat 4: Dorex2007 ($9.73 in chips) 
Seat 6: tanero112 ($10.79 in chips) 
Seat 7: Ginnungagap7 ($4.24 in chips) 
Seat 8: JayJayJohnson ($5.17 in chips) 
Seat 9: chensucht ($2.62 in chips) 
chensucht: posts small blind $0.02
mimarosfil: posts big blind $0.05
*** HOLE CARDS ***
Dealt to Dorex2007 [Tc 2c]
16Shagynko16: folds 
Dorex2007: folds 
tanero112: folds 
Ginnungagap7: folds 
JayJayJohnson: folds 
chensucht: folds 
Uncalled bet ($0.03) returned to mimarosfil
mimarosfil collected $0.04 from pot
mimarosfil: doesn't show hand 
*** SUMMARY ***
Total pot $0.04 | Rake $0 
Seat 1: mimarosfil (big blind) collected ($0.04)
Seat 2: 16Shagynko16 folded before Flop (didn't bet)
Seat 4: Dorex2007 folded before Flop (didn't bet)
Seat 6: tanero112 folded before Flop (didn't bet)
Seat 7: Ginnungagap7 folded before Flop (didn't bet)
Seat 8: JayJayJohnson (button) folded before Flop (didn't bet)
Seat 9: chensucht (small blind) folded before Flop



PokerStars Hand #238108662999:  Hold'em No Limit ($0.02/$0.05 USD) - 2022/08/20 10:20:03 PT [2022/08/20 13:20:03 ET]
Table 'Maia IV' 9-max Seat #9 is the button
Seat 1: mimarosfil ($0.64 in chips) 
Seat 2: 16Shagynko16 ($5.62 in chips) 
Seat 4: Dorex2007 ($9.73 in chips) 
Seat 6: tanero112 ($10.79 in chips) 
Seat 7: Ginnungagap7 ($4.24 in chips) 
Seat 8: JayJayJohnson ($5.17 in chips) 
Seat 9: chensucht ($2.60 in chips) 
mimarosfil: posts small blind $0.02
16Shagynko16: posts big blind $0.05
*** HOLE CARDS ***
Dealt to Dorex2007 [Js Ah]
Dorex2007: raises $0.05 to $0.10
tanero112: folds 
Ginnungagap7: folds 
JayJayJohnson: folds 
chensucht: folds 
mimarosfil: folds 
16Shagynko16: calls $0.05
*** FLOP *** [4s Ac 2h]
16Shagynko16: checks 
Dorex2007: bets $0.21
16Shagynko16: calls $0.21
*** TURN *** [4s Ac 2h] [Kh]
16Shagynko16: checks 
Dorex2007: checks 
*** RIVER *** [4s Ac 2h Kh] [Jh]
CZ_DDavid joins the table at seat #3 
16Shagynko16: checks 
Dorex2007: checks 
*** SHOW DOWN ***
16Shagynko16: shows [8s 8h] (a pair of Eights)
Dorex2007: shows [Js Ah] (two pair, Aces and Jacks)
Dorex2007 collected $0.61 from pot
*** SUMMARY ***
Total pot $0.64 | Rake $0.03 
Board [4s Ac 2h Kh Jh]
Seat 1: mimarosfil (small blind) folded before Flop
Seat 2: 16Shagynko16 (big blind) showed [8s 8h] and lost with a pair of Eights
Seat 4: Dorex2007 showed [Js Ah] and won ($0.61) with two pair, Aces and Jacks
Seat 6: tanero112 folded before Flop (didn't bet)
Seat 7: Ginnungagap7 folded before Flop (didn't bet)
Seat 8: JayJayJohnson folded before Flop (didn't bet)
Seat 9: chensucht (button) folded before Flop (didn't bet)



PokerStars Hand #238108681523:  Hold'em No Limit ($0.02/$0.05 USD) - 2022/08/20 10:21:00 PT [2022/08/20 13:21:00 ET]
Table 'Maia IV' 9-max Seat #1 is the button
Seat 1: mimarosfil ($0.62 in chips) 
Seat 2: 16Shagynko16 ($5.31 in chips) 
Seat 3: CZ_DDavid ($5 in chips) 
Seat 4: Dorex2007 ($10.03 in chips) 
Seat 6: tanero112 ($10.79 in chips) 
Seat 7: Ginnungagap7 ($4.24 in chips) 
Seat 8: JayJayJohnson ($5.17 in chips) 
Seat 9: chensucht ($2.60 in chips) 
16Shagynko16: posts small blind $0.02
CZ_DDavid: posts big blind $0.05
*** HOLE CARDS ***
Dealt to Dorex2007 [2d Kc]
Dorex2007: folds 
tanero112: folds 
Ginnungagap7: folds 
JayJayJohnson: folds 
chensucht: raises $0.10 to $0.15
mimarosfil: folds 
16Shagynko16: folds 
CZ_DDavid: folds 
Uncalled bet ($0.10) returned to chensucht
chensucht collected $0.12 from pot
*** SUMMARY ***
Total pot $0.12 | Rake $0 
Seat 1: mimarosfil (button) folded before Flop (didn't bet)
Seat 2: 16Shagynko16 (small blind) folded before Flop
Seat 3: CZ_DDavid (big blind) folded before Flop
Seat 4: Dorex2007 folded before Flop (didn't bet)
Seat 6: tanero112 folded before Flop (didn't bet)
Seat 7: Ginnungagap7 folded before Flop (didn't bet)
Seat 8: JayJayJohnson folded before Flop (didn't bet)
Seat 9: chensucht collected ($0.12)



PokerStars Hand #238108687856:  Hold'em No Limit ($0.02/$0.05 USD) - 2022/08/20 10:21:20 PT [2022/08/20 13:21:20 ET]
Table 'Maia IV' 9-max Seat #2 is the button
Seat 1: mimarosfil ($0.62 in chips) 
Seat 2: 16Shagynko16 ($5.29 in chips) 
Seat 3: CZ_DDavid ($5 in chips) 
Seat 4: Dorex2007 ($10.03 in chips) 
Seat 6: tanero112 ($10.79 in chips) 
Seat 7: Ginnungagap7 ($4.24 in chips) 
Seat 8: JayJayJohnson ($5.17 in chips) 
Seat 9: chensucht ($2.67 in chips) 
CZ_DDavid: posts small blind $0.02
Dorex2007: posts big blind $0.05
*** HOLE CARDS ***
Dealt to Dorex2007 [Js 8c]
tanero112: folds 
Ginnungagap7: folds 
JayJayJohnson: folds 
chensucht: raises $0.10 to $0.15
mimarosfil: folds 
16Shagynko16: calls $0.15
CZ_DDavid: folds 
Dorex2007: folds 
*** FLOP *** [9h 7s Ad]
chensucht: checks 
16Shagynko16: checks 
*** TURN *** [9h 7s Ad] [Jd]
chensucht: checks 
16Shagynko16: checks 
*** RIVER *** [9h 7s Ad Jd] [3c]
chensucht: checks 
16Shagynko16: checks 
*** SHOW DOWN ***
chensucht: shows [Qh Kd] (high card Ace)
16Shagynko16: shows [6d 6s] (a pair of Sixes)
16Shagynko16 collected $0.35 from pot
*** SUMMARY ***
Total pot $0.37 | Rake $0.02 
Board [9h 7s Ad Jd 3c]
Seat 1: mimarosfil folded before Flop (didn't bet)
Seat 2: 16Shagynko16 (button) showed [6d 6s] and won ($0.35) with a pair of Sixes
Seat 3: CZ_DDavid (small blind) folded before Flop
Seat 4: Dorex2007 (big blind) folded before Flop
Seat 6: tanero112 folded before Flop (didn't bet)
Seat 7: Ginnungagap7 folded before Flop (didn't bet)
Seat 8: JayJayJohnson folded before Flop (didn't bet)
Seat 9: chensucht showed [Qh Kd] and lost with high card Ace



PokerStars Hand #238108702337:  Hold'em No Limit ($0.02/$0.05 USD) - 2022/08/20 10:22:04 PT [2022/08/20 13:22:04 ET]
Table 'Maia IV' 9-max Seat #3 is the button
Seat 1: mimarosfil ($0.62 in chips) 
Seat 2: 16Shagynko16 ($5.49 in chips) 
Seat 3: CZ_DDavid ($5 in chips) 
Seat 4: Dorex2007 ($9.98 in chips) 
Seat 6: tanero112 ($10.79 in chips) 
Seat 7: Ginnungagap7 ($4.24 in chips) 
Seat 8: JayJayJohnson ($5.17 in chips) 
Seat 9: chensucht ($2.52 in chips) 
Dorex2007: posts small blind $0.02
tanero112: posts big blind $0.05
*** HOLE CARDS ***
Dealt to Dorex2007 [3d 4h]
Ginnungagap7: folds 
JayJayJohnson: raises $0.05 to $0.10
chensucht: folds 
mimarosfil: calls $0.10
16Shagynko16: folds 
CZ_DDavid: folds 
Dorex2007: folds 
tanero112: calls $0.05
*** FLOP *** [6s 7s 8h]
tanero112: checks 
JayJayJohnson: bets $0.15
mimarosfil: folds 
tanero112: calls $0.15
*** TURN *** [6s 7s 8h] [6d]
bodo282 joins the table at seat #5 
tanero112: checks 
JayJayJohnson: checks 
*** RIVER *** [6s 7s 8h 6d] [Qc]
tanero112: bets $0.25
JayJayJohnson: raises $0.55 to $0.80
tanero112: folds 
Uncalled bet ($0.55) returned to JayJayJohnson
JayJayJohnson collected $1.07 from pot
*** SUMMARY ***
Total pot $1.12 | Rake $0.05 
Board [6s 7s 8h 6d Qc]
Seat 1: mimarosfil folded on the Flop
Seat 2: 16Shagynko16 folded before Flop (didn't bet)
Seat 3: CZ_DDavid (button) folded before Flop (didn't bet)
Seat 4: Dorex2007 (small blind) folded before Flop
Seat 6: tanero112 (big blind) folded on the River
Seat 7: Ginnungagap7 folded before Flop (didn't bet)
Seat 8: JayJayJohnson collected ($1.07)
Seat 9: chensucht folded before Flop (didn't bet)



PokerStars Hand #238108721306:  Hold'em No Limit ($0.02/$0.05 USD) - 2022/08/20 10:23:03 PT [2022/08/20 13:23:03 ET]
Table 'Maia IV' 9-max Seat #4 is the button
Seat 1: mimarosfil ($0.52 in chips) 
Seat 2: 16Shagynko16 ($5.49 in chips) 
Seat 3: CZ_DDavid ($5 in chips) 
Seat 4: Dorex2007 ($9.96 in chips) 
Seat 6: tanero112 ($10.29 in chips) 
Seat 7: Ginnungagap7 ($4.24 in chips) 
Seat 8: JayJayJohnson ($5.74 in chips) 
Seat 9: chensucht ($2.52 in chips) 
tanero112: posts small blind $0.02
Ginnungagap7: posts big blind $0.05
*** HOLE CARDS ***
Dealt to Dorex2007 [3c Jc]
JayJayJohnson: folds 
chensucht: folds 
mimarosfil: raises $0.10 to $0.15
16Shagynko16: raises $0.25 to $0.40
CZ_DDavid: folds 
Dorex2007: folds 
tanero112: folds 
Ginnungagap7: folds 
mimarosfil: calls $0.25
*** FLOP *** [5c Kh Ah]
mimarosfil: checks 
16Shagynko16: checks 
*** TURN *** [5c Kh Ah] [9d]
mimarosfil: bets $0.12 and is all-in
16Shagynko16: calls $0.12
*** RIVER *** [5c Kh Ah 9d] [9c]
*** SHOW DOWN ***
mimarosfil: shows [As 9s] (a full house, Nines full of Aces)
16Shagynko16: shows [Td Ts] (two pair, Tens and Nines)
mimarosfil collected $1.06 from pot
*** SUMMARY ***
Total pot $1.11 | Rake $0.05 
Board [5c Kh Ah 9d 9c]
Seat 1: mimarosfil showed [As 9s] and won ($1.06) with a full house, Nines full of Aces
Seat 2: 16Shagynko16 showed [Td Ts] and lost with two pair, Tens and Nines
Seat 3: CZ_DDavid folded before Flop (didn't bet)
Seat 4: Dorex2007 (button) folded before Flop (didn't bet)
Seat 6: tanero112 (small blind) folded before Flop
Seat 7: Ginnungagap7 (big blind) folded before Flop
Seat 8: JayJayJohnson folded before Flop (didn't bet)
Seat 9: chensucht folded before Flop (didn't bet)



PokerStars Hand #238108734637:  Hold'em No Limit ($0.02/$0.05 USD) - 2022/08/20 10:23:44 PT [2022/08/20 13:23:44 ET]
Table 'Maia IV' 9-max Seat #6 is the button
Seat 1: mimarosfil ($1.06 in chips) 
Seat 2: 16Shagynko16 ($5 in chips) 
Seat 3: CZ_DDavid ($5 in chips) 
Seat 4: Dorex2007 ($9.96 in chips) 
Seat 5: bodo282 ($2 in chips) 
Seat 6: tanero112 ($10.27 in chips) 
Seat 7: Ginnungagap7 ($4.19 in chips) 
Seat 8: JayJayJohnson ($5.74 in chips) 
Seat 9: chensucht ($2.52 in chips) 
Ginnungagap7: posts small blind $0.02
JayJayJohnson: posts big blind $0.05
bodo282: posts big blind $0.05
*** HOLE CARDS ***
Dealt to Dorex2007 [Ts 9s]
chensucht: folds 
mimarosfil: calls $0.05
16Shagynko16: folds 
CZ_DDavid: folds 
Dorex2007: folds 
bodo282: checks 
tanero112: folds 
Ginnungagap7: folds 
JayJayJohnson: folds 
*** FLOP *** [2s As Jc]
JayJayJohnson leaves the table
mimarosfil: bets $0.10
bodo282: calls $0.10
*** TURN *** [2s As Jc] [Jd]
mimarosfil: checks 
bodo282: bets $0.17
mimarosfil: folds 
Uncalled bet ($0.17) returned to bodo282
bodo282 collected $0.35 from pot
bodo282: doesn't show hand 
*** SUMMARY ***
Total pot $0.37 | Rake $0.02 
Board [2s As Jc Jd]
Seat 1: mimarosfil folded on the Turn
Seat 2: 16Shagynko16 folded before Flop (didn't bet)
Seat 3: CZ_DDavid folded before Flop (didn't bet)
Seat 4: Dorex2007 folded before Flop (didn't bet)
Seat 5: bodo282 collected ($0.35)
Seat 6: tanero112 (button) folded before Flop (didn't bet)
Seat 7: Ginnungagap7 (small blind) folded before Flop
Seat 8: JayJayJohnson (big blind) folded before Flop
Seat 9: chensucht folded before Flop (didn't bet)



PokerStars Hand #238108747650:  Hold'em No Limit ($0.02/$0.05 USD) - 2022/08/20 10:24:24 PT [2022/08/20 13:24:24 ET]
Table 'Maia IV' 9-max Seat #7 is the button
Seat 1: mimarosfil ($0.91 in chips) 
Seat 2: 16Shagynko16 ($5 in chips) 
Seat 3: CZ_DDavid ($5 in chips) 
Seat 4: Dorex2007 ($9.96 in chips) 
Seat 5: bodo282 ($2.20 in chips) 
Seat 6: tanero112 ($10.27 in chips) 
Seat 7: Ginnungagap7 ($4.17 in chips) 
Seat 9: chensucht ($2.52 in chips) 
chensucht: posts small blind $0.02
mimarosfil: posts big blind $0.05
*** HOLE CARDS ***
Dealt to Dorex2007 [Qd 3s]
16Shagynko16: folds 
CZ_DDavid: folds 
Dorex2007: folds 
bodo282: raises $0.05 to $0.10
tanero112: folds 
Ginnungagap7: folds 
chensucht: folds 
mimarosfil: folds 
Uncalled bet ($0.05) returned to bodo282
bodo282 collected $0.12 from pot
bodo282: doesn't show hand 
*** SUMMARY ***
Total pot $0.12 | Rake $0 
Seat 1: mimarosfil (big blind) folded before Flop
Seat 2: 16Shagynko16 folded before Flop (didn't bet)
Seat 3: CZ_DDavid folded before Flop (didn't bet)
Seat 4: Dorex2007 folded before Flop (didn't bet)
Seat 5: bodo282 collected ($0.12)
Seat 6: tanero112 folded before Flop (didn't bet)
Seat 7: Ginnungagap7 (button) folded before Flop (didn't bet)
Seat 9: chensucht (small blind) folded before Flop



PokerStars Hand #238108754946:  Hold'em No Limit ($0.02/$0.05 USD) - 2022/08/20 10:24:46 PT [2022/08/20 13:24:46 ET]
Table 'Maia IV' 9-max Seat #9 is the button
Seat 1: mimarosfil ($0.86 in chips) 
Seat 2: 16Shagynko16 ($5 in chips) 
Seat 3: CZ_DDavid ($5 in chips) 
Seat 4: Dorex2007 ($9.96 in chips) 
Seat 5: bodo282 ($2.27 in chips) 
Seat 6: tanero112 ($10.27 in chips) 
Seat 7: Ginnungagap7 ($4.17 in chips) 
Seat 9: chensucht ($2.50 in chips) 
mimarosfil: posts small blind $0.02
16Shagynko16: posts big blind $0.05
*** HOLE CARDS ***
Dealt to Dorex2007 [2s Kc]
CZ_DDavid: folds 
Dorex2007: folds 
bodo282: folds 
tanero112: folds 
Ginnungagap7: raises $0.10 to $0.15
chensucht: folds 
mimarosfil: folds 
16Shagynko16: folds 
Uncalled bet ($0.10) returned to Ginnungagap7
Ginnungagap7 collected $0.12 from pot
Ginnungagap7: doesn't show hand 
*** SUMMARY ***
Total pot $0.12 | Rake $0 
Seat 1: mimarosfil (small blind) folded before Flop
Seat 2: 16Shagynko16 (big blind) folded before Flop
Seat 3: CZ_DDavid folded before Flop (didn't bet)
Seat 4: Dorex2007 folded before Flop (didn't bet)
Seat 5: bodo282 folded before Flop (didn't bet)
Seat 6: tanero112 folded before Flop (didn't bet)
Seat 7: Ginnungagap7 collected ($0.12)
Seat 9: chensucht (button) folded before Flop (didn't bet)



PokerStars Hand #238108761459:  Hold'em No Limit ($0.02/$0.05 USD) - 2022/08/20 10:25:06 PT [2022/08/20 13:25:06 ET]
Table 'Maia IV' 9-max Seat #1 is the button
Seat 1: mimarosfil ($0.84 in chips) 
Seat 2: 16Shagynko16 ($5 in chips) 
Seat 3: CZ_DDavid ($5 in chips) 
Seat 4: Dorex2007 ($9.96 in chips) 
Seat 5: bodo282 ($2.27 in chips) 
Seat 6: tanero112 ($10.27 in chips) 
Seat 7: Ginnungagap7 ($4.24 in chips) 
Seat 9: chensucht ($2.50 in chips) 
16Shagynko16: posts small blind $0.02
CZ_DDavid: posts big blind $0.05
*** HOLE CARDS ***
Dealt to Dorex2007 [Th 8h]
Dorex2007: folds 
bodo282: calls $0.05
tanero112: folds 
Ginnungagap7: folds 
chensucht: calls $0.05
mimarosfil: folds 
16Shagynko16: folds 
CZ_DDavid: checks 
*** FLOP *** [Tc 3d Td]
CZ_DDavid: checks 
bodo282: checks 
chensucht: checks 
*** TURN *** [Tc 3d Td] [Ad]
CZ_DDavid: checks 
bodo282: checks 
chensucht: checks 
*** RIVER *** [Tc 3d Td Ad] [Jh]
CZ_DDavid: checks 
bodo282: bets $0.08
chensucht: calls $0.08
CZ_DDavid: folds 
*** SHOW DOWN ***
bodo282: shows [5c 2s] (a pair of Tens)
chensucht: shows [8c Jc] (two pair, Jacks and Tens)
chensucht collected $0.32 from pot
*** SUMMARY ***
Total pot $0.33 | Rake $0.01 
Board [Tc 3d Td Ad Jh]
Seat 1: mimarosfil (button) folded before Flop (didn't bet)
Seat 2: 16Shagynko16 (small blind) folded before Flop
Seat 3: CZ_DDavid (big blind) folded on the River
Seat 4: Dorex2007 folded before Flop (didn't bet)
Seat 5: bodo282 showed [5c 2s] and lost with a pair of Tens
Seat 6: tanero112 folded before Flop (didn't bet)
Seat 7: Ginnungagap7 folded before Flop (didn't bet)
Seat 9: chensucht showed [8c Jc] and won ($0.32) with two pair, Jacks and Tens



PokerStars Hand #238108778879:  Hold'em No Limit ($0.02/$0.05 USD) - 2022/08/20 10:26:00 PT [2022/08/20 13:26:00 ET]
Table 'Maia IV' 9-max Seat #2 is the button
Seat 1: mimarosfil ($0.84 in chips) 
Seat 2: 16Shagynko16 ($5 in chips) 
Seat 3: CZ_DDavid ($5 in chips) 
Seat 4: Dorex2007 ($9.96 in chips) 
Seat 5: bodo282 ($2.14 in chips) 
Seat 6: tanero112 ($10.27 in chips) 
Seat 7: Ginnungagap7 ($4.24 in chips) 
Seat 9: chensucht ($2.69 in chips) 
CZ_DDavid: posts small blind $0.02
Dorex2007: posts big blind $0.05
*** HOLE CARDS ***
Dealt to Dorex2007 [8s Ts]
bodo282: folds 
tanero112: folds 
Ginnungagap7: folds 
chensucht: raises $0.10 to $0.15
mimarosfil: folds 
16Shagynko16: folds 
CZ_DDavid: folds 
Dorex2007: folds 
Uncalled bet ($0.10) returned to chensucht
chensucht collected $0.12 from pot
*** SUMMARY ***
Total pot $0.12 | Rake $0 
Seat 1: mimarosfil folded before Flop (didn't bet)
Seat 2: 16Shagynko16 (button) folded before Flop (didn't bet)
Seat 3: CZ_DDavid (small blind) folded before Flop
Seat 4: Dorex2007 (big blind) folded before Flop
Seat 5: bodo282 folded before Flop (didn't bet)
Seat 6: tanero112 folded before Flop (didn't bet)
Seat 7: Ginnungagap7 folded before Flop (didn't bet)
Seat 9: chensucht collected ($0.12)



PokerStars Hand #238108787371:  Hold'em No Limit ($0.02/$0.05 USD) - 2022/08/20 10:26:26 PT [2022/08/20 13:26:26 ET]
Table 'Maia IV' 9-max Seat #3 is the button
Seat 1: mimarosfil ($0.84 in chips) 
Seat 2: 16Shagynko16 ($5 in chips) 
Seat 3: CZ_DDavid ($5 in chips) 
Seat 4: Dorex2007 ($9.91 in chips) 
Seat 5: bodo282 ($2.14 in chips) 
Seat 6: tanero112 ($10.27 in chips) 
Seat 7: Ginnungagap7 ($4.24 in chips) 
Seat 9: chensucht ($2.76 in chips) 
Dorex2007: posts small blind $0.02
bodo282: posts big blind $0.05
*** HOLE CARDS ***
Dealt to Dorex2007 [Ac 8s]
tanero112: folds 
Ginnungagap7: raises $0.10 to $0.15
chensucht: folds 
mimarosfil: folds 
16Shagynko16: raises $0.25 to $0.40
CZ_DDavid: folds 
Dorex2007: folds 
bodo282: folds 
mag8574 joins the table at seat #8 
Ginnungagap7: folds 
Uncalled bet ($0.25) returned to 16Shagynko16
16Shagynko16 collected $0.37 from pot
16Shagynko16: doesn't show hand 
*** SUMMARY ***
Total pot $0.37 | Rake $0 
Seat 1: mimarosfil folded before Flop (didn't bet)
Seat 2: 16Shagynko16 collected ($0.37)
Seat 3: CZ_DDavid (button) folded before Flop (didn't bet)
Seat 4: Dorex2007 (small blind) folded before Flop
Seat 5: bodo282 (big blind) folded before Flop
Seat 6: tanero112 folded before Flop (didn't bet)
Seat 7: Ginnungagap7 folded before Flop
Seat 9: chensucht folded before Flop (didn't bet)



PokerStars Hand #238108797980:  Hold'em No Limit ($0.02/$0.05 USD) - 2022/08/20 10:26:58 PT [2022/08/20 13:26:58 ET]
Table 'Maia IV' 9-max Seat #4 is the button
Seat 1: mimarosfil ($0.84 in chips) 
Seat 2: 16Shagynko16 ($5.22 in chips) 
Seat 3: CZ_DDavid ($5 in chips) 
Seat 4: Dorex2007 ($9.89 in chips) 
Seat 5: bodo282 ($2.09 in chips) 
Seat 6: tanero112 ($10.27 in chips) 
Seat 7: Ginnungagap7 ($4.09 in chips) 
Seat 9: chensucht ($2.76 in chips) 
bodo282: posts small blind $0.02
tanero112: posts big blind $0.05
mag8574: sits out 
*** HOLE CARDS ***
Dealt to Dorex2007 [Kh Th]
Ginnungagap7: folds 
chensucht: raises $0.10 to $0.15
mimarosfil: folds 
16Shagynko16: folds 
CZ_DDavid: folds 
Dorex2007: calls $0.15
bodo282: calls $0.13
tanero112: folds 
*** FLOP *** [Qh 6d 4d]
bodo282: checks 
chensucht: bets $0.25
Dorex2007: folds 
bodo282: raises $0.35 to $0.60
chensucht: folds 
Uncalled bet ($0.35) returned to bodo282
bodo282 collected $0.95 from pot
bodo282: doesn't show hand 
*** SUMMARY ***
Total pot $1 | Rake $0.05 
Board [Qh 6d 4d]
Seat 1: mimarosfil folded before Flop (didn't bet)
Seat 2: 16Shagynko16 folded before Flop (didn't bet)
Seat 3: CZ_DDavid folded before Flop (didn't bet)
Seat 4: Dorex2007 (button) folded on the Flop
Seat 5: bodo282 (small blind) collected ($0.95)
Seat 6: tanero112 (big blind) folded before Flop
Seat 7: Ginnungagap7 folded before Flop (didn't bet)
Seat 9: chensucht folded on the Flop



PokerStars Hand #238108812167:  Hold'em No Limit ($0.02/$0.05 USD) - 2022/08/20 10:27:41 PT [2022/08/20 13:27:41 ET]
Table 'Maia IV' 9-max Seat #5 is the button
Seat 1: mimarosfil ($0.84 in chips) 
Seat 2: 16Shagynko16 ($5.22 in chips) 
Seat 3: CZ_DDavid ($5 in chips) 
Seat 4: Dorex2007 ($9.74 in chips) 
Seat 5: bodo282 ($2.64 in chips) 
Seat 6: tanero112 ($10.22 in chips) 
Seat 7: Ginnungagap7 ($4.09 in chips) 
Seat 9: chensucht ($2.36 in chips) 
tanero112: posts small blind $0.02
Ginnungagap7: posts big blind $0.05
mag8574: sits out 
*** HOLE CARDS ***
Dealt to Dorex2007 [Ac Qd]
chensucht: raises $0.10 to $0.15
mimarosfil: folds 
16Shagynko16: folds 
CZ_DDavid: folds 
Dorex2007: calls $0.15
bodo282: calls $0.15
tanero112: calls $0.13
Ginnungagap7: folds 
*** FLOP *** [6d Th Ks]
tanero112: checks 
chensucht: checks 
Dorex2007: checks 
bodo282: bets $0.31
tanero112: folds 
chensucht: calls $0.31
Dorex2007: folds 
*** TURN *** [6d Th Ks] [Td]
chensucht: checks 
bodo282: bets $0.61
chensucht: folds 
Uncalled bet ($0.61) returned to bodo282
bodo282 collected $1.21 from pot
bodo282: doesn't show hand 
*** SUMMARY ***
Total pot $1.27 | Rake $0.06 
Board [6d Th Ks Td]
Seat 1: mimarosfil folded before Flop (didn't bet)
Seat 2: 16Shagynko16 folded before Flop (didn't bet)
Seat 3: CZ_DDavid folded before Flop (didn't bet)
Seat 4: Dorex2007 folded on the Flop
Seat 5: bodo282 (button) collected ($1.21)
Seat 6: tanero112 (small blind) folded on the Flop
Seat 7: Ginnungagap7 (big blind) folded before Flop
Seat 9: chensucht folded on the Turn



PokerStars Hand #238108833677:  Hold'em No Limit ($0.02/$0.05 USD) - 2022/08/20 10:28:46 PT [2022/08/20 13:28:46 ET]
Table 'Maia IV' 9-max Seat #6 is the button
Seat 1: mimarosfil ($0.84 in chips) 
Seat 2: 16Shagynko16 ($5.22 in chips) 
Seat 3: CZ_DDavid ($5 in chips) 
Seat 4: Dorex2007 ($9.59 in chips) 
Seat 5: bodo282 ($3.39 in chips) 
Seat 6: tanero112 ($10.07 in chips) 
Seat 7: Ginnungagap7 ($4.04 in chips) 
Seat 8: mag8574 ($2 in chips) 
Seat 9: chensucht ($1.90 in chips) 
Ginnungagap7: posts small blind $0.02
mag8574: posts big blind $0.05
*** HOLE CARDS ***
Dealt to Dorex2007 [4c 5h]
chensucht: raises $0.10 to $0.15
mimarosfil: folds 
16Shagynko16: folds 
CZ_DDavid: folds 
Dorex2007: folds 
bodo282: calls $0.15
tanero112: folds 
Ginnungagap7: folds 
mag8574: folds 
*** FLOP *** [9d 9c Jh]
chensucht: checks 
bodo282: checks 
*** TURN *** [9d 9c Jh] [6s]
chensucht: checks 
bodo282: checks 
*** RIVER *** [9d 9c Jh 6s] [2s]
chensucht: checks 
bodo282: checks 
*** SHOW DOWN ***
chensucht: shows [Ad Qd] (a pair of Nines)
bodo282: mucks hand 
chensucht collected $0.35 from pot
*** SUMMARY ***
Total pot $0.37 | Rake $0.02 
Board [9d 9c Jh 6s 2s]
Seat 1: mimarosfil folded before Flop (didn't bet)
Seat 2: 16Shagynko16 folded before Flop (didn't bet)
Seat 3: CZ_DDavid folded before Flop (didn't bet)
Seat 4: Dorex2007 folded before Flop (didn't bet)
Seat 5: bodo282 mucked [4s 7s]
Seat 6: tanero112 (button) folded before Flop (didn't bet)
Seat 7: Ginnungagap7 (small blind) folded before Flop
Seat 8: mag8574 (big blind) folded before Flop
Seat 9: chensucht showed [Ad Qd] and won ($0.35) with a pair of Nines



PokerStars Hand #238108844837:  Hold'em No Limit ($0.02/$0.05 USD) - 2022/08/20 10:29:20 PT [2022/08/20 13:29:20 ET]
Table 'Maia IV' 9-max Seat #7 is the button
Seat 1: mimarosfil ($0.84 in chips) 
Seat 2: 16Shagynko16 ($5.22 in chips) 
Seat 3: CZ_DDavid ($5 in chips) 
Seat 4: Dorex2007 ($9.59 in chips) 
Seat 5: bodo282 ($3.24 in chips) 
Seat 6: tanero112 ($10.07 in chips) 
Seat 7: Ginnungagap7 ($4.02 in chips) 
Seat 8: mag8574 ($1.95 in chips) 
Seat 9: chensucht ($2.10 in chips) 
mag8574: posts small blind $0.02
chensucht: posts big blind $0.05
*** HOLE CARDS ***
Dealt to Dorex2007 [Kd Kh]
mimarosfil: folds 
16Shagynko16: folds 
CZ_DDavid: folds 
Dorex2007: raises $0.10 to $0.15
bodo282: calls $0.15
tanero112: folds 
Ginnungagap7: folds 
mag8574: folds 
chensucht: calls $0.10
*** FLOP *** [8s 4d 8c]
chensucht: bets $0.25
Dorex2007: raises $0.95 to $1.20
bodo282: folds 
chensucht: raises $0.75 to $1.95 and is all-in
Dorex2007: calls $0.75
*** TURN *** [8s 4d 8c] [Qd]
*** RIVER *** [8s 4d 8c Qd] [5d]
*** SHOW DOWN ***
chensucht: shows [9s 9d] (two pair, Nines and Eights)
Dorex2007: shows [Kd Kh] (two pair, Kings and Eights)
Dorex2007 cashed out the hand for $3.79 | Cash Out Fee $0.04
*** SUMMARY ***
Total pot $4.37 | Rake $0.18 
Board [8s 4d 8c Qd 5d]
Seat 1: mimarosfil folded before Flop (didn't bet)
Seat 2: 16Shagynko16 folded before Flop (didn't bet)
Seat 3: CZ_DDavid folded before Flop (didn't bet)
Seat 4: Dorex2007 showed [Kd Kh] and won ($4.19) with two pair, Kings and Eights (pot not awarded as player cashed out)
Seat 5: bodo282 folded on the Flop
Seat 6: tanero112 folded before Flop (didn't bet)
Seat 7: Ginnungagap7 (button) folded before Flop (didn't bet)
Seat 8: mag8574 (small blind) folded before Flop
Seat 9: chensucht (big blind) showed [9s 9d] and lost with two pair, Nines and Eights



PokerStars Hand #238108860208:  Hold'em No Limit ($0.02/$0.05 USD) - 2022/08/20 10:30:07 PT [2022/08/20 13:30:07 ET]
Table 'Maia IV' 9-max Seat #8 is the button
Seat 1: mimarosfil ($0.84 in chips) 
Seat 2: 16Shagynko16 ($5.22 in chips) 
Seat 3: CZ_DDavid ($5 in chips) 
Seat 4: Dorex2007 ($11.28 in chips) 
Seat 5: bodo282 ($3.09 in chips) 
Seat 6: tanero112 ($10.07 in chips) 
Seat 7: Ginnungagap7 ($4.02 in chips) 
Seat 8: mag8574 ($1.93 in chips) 
mimarosfil: posts small blind $0.02
16Shagynko16: posts big blind $0.05
*** HOLE CARDS ***
Dealt to Dorex2007 [Qc 7c]
CZ_DDavid: folds 
Dorex2007: folds 
bodo282: raises $0.05 to $0.10
tanero112: folds 
Ginnungagap7: folds 
mag8574: folds 
mimarosfil: folds 
16Shagynko16: folds 
Uncalled bet ($0.05) returned to bodo282
bodo282 collected $0.12 from pot
bodo282: doesn't show hand 
*** SUMMARY ***
Total pot $0.12 | Rake $0 
Seat 1: mimarosfil (small blind) folded before Flop
Seat 2: 16Shagynko16 (big blind) folded before Flop
Seat 3: CZ_DDavid folded before Flop (didn't bet)
Seat 4: Dorex2007 folded before Flop (didn't bet)
Seat 5: bodo282 collected ($0.12)
Seat 6: tanero112 folded before Flop (didn't bet)
Seat 7: Ginnungagap7 folded before Flop (didn't bet)
Seat 8: mag8574 (button) folded before Flop (didn't bet)



PokerStars Hand #238108868778:  Hold'em No Limit ($0.02/$0.05 USD) - 2022/08/20 10:30:31 PT [2022/08/20 13:30:31 ET]
Table 'Maia IV' 9-max Seat #1 is the button
Seat 1: mimarosfil ($0.82 in chips) 
Seat 2: 16Shagynko16 ($5.17 in chips) 
Seat 4: Dorex2007 ($11.28 in chips) 
Seat 5: bodo282 ($3.16 in chips) 
Seat 6: tanero112 ($10.07 in chips) 
Seat 7: Ginnungagap7 ($4.02 in chips) 
Seat 8: mag8574 ($1.93 in chips) 
Seat 9: chensucht ($5 in chips) 
16Shagynko16: posts small blind $0.02
CZ_DDavid: is sitting out 
Dorex2007: posts big blind $0.05
chensucht: posts small blind $0.02
*** HOLE CARDS ***
Dealt to Dorex2007 [3c 2h]
bodo282: folds 
tanero112: folds 
Ginnungagap7: folds 
mag8574: folds 
chensucht: folds 
chensucht leaves the table
mimarosfil: folds 
16Shagynko16: folds 
Uncalled bet ($0.03) returned to Dorex2007
Dorex2007 collected $0.06 from pot
Dorex2007: doesn't show hand 
*** SUMMARY ***
Total pot $0.06 | Rake $0 
Seat 1: mimarosfil (button) folded before Flop (didn't bet)
Seat 2: 16Shagynko16 (small blind) folded before Flop
Seat 4: Dorex2007 (big blind) collected ($0.06)
Seat 5: bodo282 folded before Flop (didn't bet)
Seat 6: tanero112 folded before Flop (didn't bet)
Seat 7: Ginnungagap7 folded before Flop (didn't bet)
Seat 8: mag8574 folded before Flop (didn't bet)
Seat 9: chensucht folded before Flop (didn't bet)



PokerStars Hand #238108873124:  Hold'em No Limit ($0.02/$0.05 USD) - 2022/08/20 10:30:44 PT [2022/08/20 13:30:44 ET]
Table 'Maia IV' 9-max Seat #2 is the button
Seat 1: mimarosfil ($0.82 in chips) 
Seat 2: 16Shagynko16 ($5.15 in chips) 
Seat 4: Dorex2007 ($11.32 in chips) 
Seat 5: bodo282 ($3.16 in chips) 
Seat 6: tanero112 ($10.07 in chips) 
Seat 7: Ginnungagap7 ($4.02 in chips) 
Seat 8: mag8574 ($1.93 in chips) 
Dorex2007: posts small blind $0.02
bodo282: posts big blind $0.05
*** HOLE CARDS ***
Dealt to Dorex2007 [As Ks]
tanero112: folds 
Ginnungagap7: folds 
OHYABABY9317 joins the table at seat #9 
mag8574: raises $0.10 to $0.15
mimarosfil: folds 
16Shagynko16: calls $0.15
Dorex2007: calls $0.13
bodo282: folds 
*** FLOP *** [Jd Tc Ac]
Dorex2007: bets $0.24
mag8574: folds 
16Shagynko16: folds 
Uncalled bet ($0.24) returned to Dorex2007
Dorex2007 collected $0.48 from pot
Dorex2007: doesn't show hand 
*** SUMMARY ***
Total pot $0.50 | Rake $0.02 
Board [Jd Tc Ac]
Seat 1: mimarosfil folded before Flop (didn't bet)
Seat 2: 16Shagynko16 (button) folded on the Flop
Seat 4: Dorex2007 (small blind) collected ($0.48)
Seat 5: bodo282 (big blind) folded before Flop
Seat 6: tanero112 folded before Flop (didn't bet)
Seat 7: Ginnungagap7 folded before Flop (didn't bet)
Seat 8: mag8574 folded on the Flop



PokerStars Hand #238108883828:  Hold'em No Limit ($0.02/$0.05 USD) - 2022/08/20 10:31:16 PT [2022/08/20 13:31:16 ET]
Table 'Maia IV' 9-max Seat #4 is the button
Seat 1: mimarosfil ($0.82 in chips) 
Seat 2: 16Shagynko16 ($5 in chips) 
Seat 4: Dorex2007 ($11.65 in chips) 
Seat 5: bodo282 ($3.11 in chips) 
Seat 6: tanero112 ($10.07 in chips) 
Seat 7: Ginnungagap7 ($4.02 in chips) 
Seat 8: mag8574 ($1.78 in chips) 
Seat 9: OHYABABY9317 ($2 in chips) 
bodo282: posts small blind $0.02
tanero112: posts big blind $0.05
OHYABABY9317: posts big blind $0.05
*** HOLE CARDS ***
Dealt to Dorex2007 [Js 6d]
Ginnungagap7: folds 
mag8574: folds 
OHYABABY9317: raises $0.05 to $0.10
mimarosfil: folds 
16Shagynko16: folds 
Dorex2007: folds 
bodo282: calls $0.08
tanero112: calls $0.05
*** FLOP *** [Th 5c 6h]
bodo282: checks 
tanero112: checks 
OHYABABY9317: bets $0.10
bodo282: calls $0.10
tanero112: folds 
*** TURN *** [Th 5c 6h] [4d]
bodo282: checks 
OHYABABY9317: checks 
*** RIVER *** [Th 5c 6h 4d] [8d]
bodo282: bets $0.24
OHYABABY9317: folds 
Uncalled bet ($0.24) returned to bodo282
bodo282 collected $0.48 from pot
bodo282: doesn't show hand 
*** SUMMARY ***
Total pot $0.50 | Rake $0.02 
Board [Th 5c 6h 4d 8d]
Seat 1: mimarosfil folded before Flop (didn't bet)
Seat 2: 16Shagynko16 folded before Flop (didn't bet)
Seat 4: Dorex2007 (button) folded before Flop (didn't bet)
Seat 5: bodo282 (small blind) collected ($0.48)
Seat 6: tanero112 (big blind) folded on the Flop
Seat 7: Ginnungagap7 folded before Flop (didn't bet)
Seat 8: mag8574 folded before Flop (didn't bet)
Seat 9: OHYABABY9317 folded on the River



PokerStars Hand #238108898931:  Hold'em No Limit ($0.02/$0.05 USD) - 2022/08/20 10:32:00 PT [2022/08/20 13:32:00 ET]
Table 'Maia IV' 9-max Seat #5 is the button
Seat 1: mimarosfil ($0.82 in chips) 
Seat 2: 16Shagynko16 ($5 in chips) 
Seat 4: Dorex2007 ($11.65 in chips) 
Seat 5: bodo282 ($3.39 in chips) 
Seat 6: tanero112 ($9.97 in chips) 
Seat 7: Ginnungagap7 ($4.02 in chips) 
Seat 8: mag8574 ($1.78 in chips) 
Seat 9: OHYABABY9317 ($1.80 in chips) 
tanero112: posts small blind $0.02
Ginnungagap7: posts big blind $0.05
*** HOLE CARDS ***
Dealt to Dorex2007 [9h 9s]
mag8574: folds 
OHYABABY9317: folds 
mimarosfil: folds 
16Shagynko16: folds 
Dorex2007: raises $0.05 to $0.10
bodo282: calls $0.10
tanero112: calls $0.08
Ginnungagap7: folds 
*** FLOP *** [8c 5c 4s]
tanero112: checks 
Dorex2007: bets $0.34
bodo282: calls $0.34
tanero112: folds 
*** TURN *** [8c 5c 4s] [4c]
Dorex2007: checks 
bodo282: bets $0.49
Dorex2007: folds 
Uncalled bet ($0.49) returned to bodo282
bodo282 collected $0.98 from pot
bodo282: doesn't show hand 
*** SUMMARY ***
Total pot $1.03 | Rake $0.05 
Board [8c 5c 4s 4c]
Seat 1: mimarosfil folded before Flop (didn't bet)
Seat 2: 16Shagynko16 folded before Flop (didn't bet)
Seat 4: Dorex2007 folded on the Turn
Seat 5: bodo282 (button) collected ($0.98)
Seat 6: tanero112 (small blind) folded on the Flop
Seat 7: Ginnungagap7 (big blind) folded before Flop
Seat 8: mag8574 folded before Flop (didn't bet)
Seat 9: OHYABABY9317 folded before Flop (didn't bet)



PokerStars Hand #238108913089:  Hold'em No Limit ($0.02/$0.05 USD) - 2022/08/20 10:32:41 PT [2022/08/20 13:32:41 ET]
Table 'Maia IV' 9-max Seat #6 is the button
Seat 1: mimarosfil ($0.82 in chips) 
Seat 2: 16Shagynko16 ($5 in chips) 
Seat 4: Dorex2007 ($11.21 in chips) 
Seat 5: bodo282 ($3.93 in chips) 
Seat 6: tanero112 ($9.87 in chips) 
Seat 7: Ginnungagap7 ($3.97 in chips) 
Seat 8: mag8574 ($1.78 in chips) 
Seat 9: OHYABABY9317 ($1.80 in chips) 
Ginnungagap7: posts small blind $0.02
mag8574: posts big blind $0.05
*** HOLE CARDS ***
Dealt to Dorex2007 [4h As]
OHYABABY9317: calls $0.05
mimarosfil: folds 
16Shagynko16: folds 
Dorex2007: folds 
bodo282: raises $0.05 to $0.10
tanero112: folds 
Ginnungagap7: folds 
mag8574: folds 
OHYABABY9317: calls $0.05
*** FLOP *** [2s 8c 5h]
OHYABABY9317: checks 
bodo282: checks 
*** TURN *** [2s 8c 5h] [Td]
OHYABABY9317: checks 
bodo282: checks 
*** RIVER *** [2s 8c 5h Td] [8h]
OHYABABY9317: bets $0.26
bodo282: raises $0.26 to $0.52
OHYABABY9317: folds 
Uncalled bet ($0.26) returned to bodo282
bodo282 collected $0.75 from pot
bodo282: doesn't show hand 
*** SUMMARY ***
Total pot $0.79 | Rake $0.04 
Board [2s 8c 5h Td 8h]
Seat 1: mimarosfil folded before Flop (didn't bet)
Seat 2: 16Shagynko16 folded before Flop (didn't bet)
Seat 4: Dorex2007 folded before Flop (didn't bet)
Seat 5: bodo282 collected ($0.75)
Seat 6: tanero112 (button) folded before Flop (didn't bet)
Seat 7: Ginnungagap7 (small blind) folded before Flop
Seat 8: mag8574 (big blind) folded before Flop
Seat 9: OHYABABY9317 folded on the River



PokerStars Hand #238108930562:  Hold'em No Limit ($0.02/$0.05 USD) - 2022/08/20 10:33:33 PT [2022/08/20 13:33:33 ET]
Table 'Maia IV' 9-max Seat #7 is the button
Seat 1: mimarosfil ($2.82 in chips) 
Seat 2: 16Shagynko16 ($5 in chips) 
Seat 4: Dorex2007 ($11.21 in chips) 
Seat 5: bodo282 ($4.32 in chips) 
Seat 6: tanero112 ($9.87 in chips) 
Seat 7: Ginnungagap7 ($3.95 in chips) 
Seat 8: mag8574 ($1.73 in chips) 
Seat 9: OHYABABY9317 ($1.44 in chips) 
mag8574: posts small blind $0.02
OHYABABY9317: posts big blind $0.05
*** HOLE CARDS ***
Dealt to Dorex2007 [6d Jc]
mimarosfil: folds 
16Shagynko16: folds 
Dorex2007: folds 
bodo282: raises $0.05 to $0.10
tanero112: folds 
Ginnungagap7: folds 
mag8574: calls $0.08
OHYABABY9317: calls $0.05
*** FLOP *** [Js Qc Qs]
mag8574: checks 
OHYABABY9317: checks 
bodo282: checks 
*** TURN *** [Js Qc Qs] [5s]
mag8574: bets $0.14
OHYABABY9317: calls $0.14
bodo282: calls $0.14
*** RIVER *** [Js Qc Qs 5s] [9c]
mag8574: bets $0.34
OHYABABY9317: folds 
bodo282: folds 
Uncalled bet ($0.34) returned to mag8574
mag8574 collected $0.69 from pot
*** SUMMARY ***
Total pot $0.72 | Rake $0.03 
Board [Js Qc Qs 5s 9c]
Seat 1: mimarosfil folded before Flop (didn't bet)
Seat 2: 16Shagynko16 folded before Flop (didn't bet)
Seat 4: Dorex2007 folded before Flop (didn't bet)
Seat 5: bodo282 folded on the River
Seat 6: tanero112 folded before Flop (didn't bet)
Seat 7: Ginnungagap7 (button) folded before Flop (didn't bet)
Seat 8: mag8574 (small blind) collected ($0.69)
Seat 9: OHYABABY9317 (big blind) folded on the River



PokerStars Hand #238108946503:  Hold'em No Limit ($0.02/$0.05 USD) - 2022/08/20 10:34:21 PT [2022/08/20 13:34:21 ET]
Table 'Maia IV' 9-max Seat #8 is the button
Seat 1: mimarosfil ($2.82 in chips) 
Seat 2: 16Shagynko16 ($5 in chips) 
Seat 4: Dorex2007 ($11.21 in chips) 
Seat 5: bodo282 ($4.08 in chips) 
Seat 6: tanero112 ($9.87 in chips) 
Seat 7: Ginnungagap7 ($3.95 in chips) 
Seat 8: mag8574 ($2.18 in chips) 
Seat 9: OHYABABY9317 ($1.20 in chips) 
OHYABABY9317: posts small blind $0.02
mimarosfil: posts big blind $0.05
*** HOLE CARDS ***
Dealt to Dorex2007 [9s 8d]
16Shagynko16: folds 
Dorex2007: folds 
bodo282: raises $0.05 to $0.10
tanero112: calls $0.10
Ginnungagap7: folds 
mag8574: calls $0.10
OHYABABY9317: raises $0.15 to $0.25
mimarosfil: folds 
bodo282: calls $0.15
tanero112: calls $0.15
mag8574: folds 
*** FLOP *** [Kd 8s 7h]
OHYABABY9317: bets $0.95 and is all-in
bodo282: calls $0.95
tanero112: folds 
*** TURN *** [Kd 8s 7h] [Qs]
*** RIVER *** [Kd 8s 7h Qs] [4d]
*** SHOW DOWN ***
OHYABABY9317: shows [Th Ah] (high card Ace)
bodo282: shows [Js 9c] (high card King)
OHYABABY9317 collected $2.68 from pot
*** SUMMARY ***
Total pot $2.80 | Rake $0.12 
Board [Kd 8s 7h Qs 4d]
Seat 1: mimarosfil (big blind) folded before Flop
Seat 2: 16Shagynko16 folded before Flop (didn't bet)
Seat 4: Dorex2007 folded before Flop (didn't bet)
Seat 5: bodo282 showed [Js 9c] and lost with high card King
Seat 6: tanero112 folded on the Flop
Seat 7: Ginnungagap7 folded before Flop (didn't bet)
Seat 8: mag8574 (button) folded before Flop
Seat 9: OHYABABY9317 (small blind) showed [Th Ah] and won ($2.68) with high card Ace



PokerStars Hand #238108978481:  Hold'em No Limit ($0.02/$0.05 USD) - 2022/08/20 10:35:29 PT [2022/08/20 13:35:29 ET]
Table 'Maia IV' 9-max Seat #9 is the button
Seat 1: mimarosfil ($2.77 in chips) 
Seat 2: 16Shagynko16 ($5 in chips) 
Seat 4: Dorex2007 ($11.21 in chips) 
Seat 5: bodo282 ($2.88 in chips) 
Seat 6: tanero112 ($9.62 in chips) 
Seat 7: Ginnungagap7 ($3.95 in chips) 
Seat 8: mag8574 ($2.08 in chips) 
Seat 9: OHYABABY9317 ($2.68 in chips) 
mimarosfil: posts small blind $0.02
16Shagynko16: posts big blind $0.05
CZ_DDavid: sits out 
*** HOLE CARDS ***
Dealt to Dorex2007 [5c Ah]
Dorex2007: folds 
bodo282: folds 
tanero112: folds 
Ginnungagap7: folds 
mag8574: folds 
OHYABABY9317: folds 
mimarosfil: calls $0.03
16Shagynko16: checks 
*** FLOP *** [Kd Ks As]
mimarosfil: checks 
16Shagynko16: checks 
*** TURN *** [Kd Ks As] [Kh]
mimarosfil: bets $0.10
16Shagynko16: folds 
Uncalled bet ($0.10) returned to mimarosfil
mimarosfil collected $0.10 from pot
mimarosfil: doesn't show hand 
*** SUMMARY ***
Total pot $0.10 | Rake $0 
Board [Kd Ks As Kh]
Seat 1: mimarosfil (small blind) collected ($0.10)
Seat 2: 16Shagynko16 (big blind) folded on the Turn
Seat 4: Dorex2007 folded before Flop (didn't bet)
Seat 5: bodo282 folded before Flop (didn't bet)
Seat 6: tanero112 folded before Flop (didn't bet)
Seat 7: Ginnungagap7 folded before Flop (didn't bet)
Seat 8: mag8574 folded before Flop (didn't bet)
Seat 9: OHYABABY9317 (button) folded before Flop (didn't bet)



PokerStars Hand #238108990411:  Hold'em No Limit ($0.02/$0.05 USD) - 2022/08/20 10:36:04 PT [2022/08/20 13:36:04 ET]
Table 'Maia IV' 9-max Seat #1 is the button
Seat 1: mimarosfil ($2.82 in chips) 
Seat 2: 16Shagynko16 ($5 in chips) 
Seat 3: CZ_DDavid ($5 in chips) 
Seat 4: Dorex2007 ($11.21 in chips) 
Seat 5: bodo282 ($2.88 in chips) 
Seat 6: tanero112 ($9.62 in chips) 
Seat 7: Ginnungagap7 ($3.95 in chips) 
Seat 8: mag8574 ($2.08 in chips) 
Seat 9: OHYABABY9317 ($2.68 in chips) 
16Shagynko16: posts small blind $0.02
CZ_DDavid: posts big blind $0.05
*** HOLE CARDS ***
Dealt to Dorex2007 [4d Ks]
Dorex2007: folds 
bodo282: calls $0.05
tanero112: folds 
Ginnungagap7: folds 
mag8574: folds 
OHYABABY9317: calls $0.05
mimarosfil: folds 
16Shagynko16: folds 
CZ_DDavid: checks 
*** FLOP *** [5d 4h Qs]
CZ_DDavid: checks 
bodo282: checks 
OHYABABY9317: checks 
*** TURN *** [5d 4h Qs] [Jh]
CZ_DDavid: bets $0.11
bodo282: calls $0.11
OHYABABY9317: calls $0.11
*** RIVER *** [5d 4h Qs Jh] [6d]
CZ_DDavid: checks 
bodo282: checks 
OHYABABY9317: checks 
*** SHOW DOWN ***
CZ_DDavid: shows [4s 5s] (two pair, Fives and Fours)
bodo282: mucks hand 
OHYABABY9317: mucks hand 
CZ_DDavid collected $0.48 from pot
*** SUMMARY ***
Total pot $0.50 | Rake $0.02 
Board [5d 4h Qs Jh 6d]
Seat 1: mimarosfil (button) folded before Flop (didn't bet)
Seat 2: 16Shagynko16 (small blind) folded before Flop
Seat 3: CZ_DDavid (big blind) showed [4s 5s] and won ($0.48) with two pair, Fives and Fours
Seat 4: Dorex2007 folded before Flop (didn't bet)
Seat 5: bodo282 mucked [Kh 9c]
Seat 6: tanero112 folded before Flop (didn't bet)
Seat 7: Ginnungagap7 folded before Flop (didn't bet)
Seat 8: mag8574 folded before Flop (didn't bet)
Seat 9: OHYABABY9317 mucked [Qc Th]



PokerStars Hand #238109013001:  Hold'em No Limit ($0.02/$0.05 USD) - 2022/08/20 10:37:11 PT [2022/08/20 13:37:11 ET]
Table 'Maia IV' 9-max Seat #2 is the button
Seat 1: mimarosfil ($2.82 in chips) 
Seat 2: 16Shagynko16 ($5 in chips) 
Seat 3: CZ_DDavid ($5.32 in chips) 
Seat 4: Dorex2007 ($11.21 in chips) 
Seat 5: bodo282 ($2.72 in chips) 
Seat 6: tanero112 ($9.62 in chips) 
Seat 7: Ginnungagap7 ($3.95 in chips) 
Seat 8: mag8574 ($2.08 in chips) 
Seat 9: OHYABABY9317 ($2.52 in chips) 
CZ_DDavid: posts small blind $0.02
Dorex2007: posts big blind $0.05
*** HOLE CARDS ***
Dealt to Dorex2007 [Qc Kd]
bodo282: raises $0.05 to $0.10
tanero112: folds 
Ginnungagap7: folds 
mag8574: folds 
OHYABABY9317: folds 
mimarosfil: folds 
16Shagynko16: folds 
CZ_DDavid: folds 
Dorex2007: calls $0.05
*** FLOP *** [4s 3c 3d]
Dorex2007: checks 
bodo282: bets $0.10
Dorex2007: calls $0.10
*** TURN *** [4s 3c 3d] [6c]
Dorex2007: checks 
bodo282: bets $0.40
Dorex2007: folds 
Uncalled bet ($0.40) returned to bodo282
bodo282 collected $0.40 from pot
bodo282: doesn't show hand 
*** SUMMARY ***
Total pot $0.42 | Rake $0.02 
Board [4s 3c 3d 6c]
Seat 1: mimarosfil folded before Flop (didn't bet)
Seat 2: 16Shagynko16 (button) folded before Flop (didn't bet)
Seat 3: CZ_DDavid (small blind) folded before Flop
Seat 4: Dorex2007 (big blind) folded on the Turn
Seat 5: bodo282 collected ($0.40)
Seat 6: tanero112 folded before Flop (didn't bet)
Seat 7: Ginnungagap7 folded before Flop (didn't bet)
Seat 8: mag8574 folded before Flop (didn't bet)
Seat 9: OHYABABY9317 folded before Flop (didn't bet)



PokerStars Hand #238109028778:  Hold'em No Limit ($0.02/$0.05 USD) - 2022/08/20 10:37:58 PT [2022/08/20 13:37:58 ET]
Table 'Maia IV' 9-max Seat #3 is the button
Seat 1: mimarosfil ($2.82 in chips) 
Seat 2: 16Shagynko16 ($5 in chips) 
Seat 3: CZ_DDavid ($5.30 in chips) 
Seat 4: Dorex2007 ($11.01 in chips) 
Seat 5: bodo282 ($2.92 in chips) 
Seat 6: tanero112 ($9.62 in chips) 
Seat 7: Ginnungagap7 ($3.95 in chips) 
Seat 8: mag8574 ($2.08 in chips) 
Seat 9: OHYABABY9317 ($2.52 in chips) 
Dorex2007: posts small blind $0.02
bodo282: posts big blind $0.05
*** HOLE CARDS ***
Dealt to Dorex2007 [6c As]
tanero112: folds 
Ginnungagap7 is disconnected 
Ginnungagap7 is connected 
Ginnungagap7: folds 
mag8574: folds 
OHYABABY9317: calls $0.05
mimarosfil: folds 
16Shagynko16: folds 
CZ_DDavid: folds 
Dorex2007: folds 
bodo282: checks 
*** FLOP *** [4s 6s Jc]
bodo282: checks 
OHYABABY9317: bets $0.12
bodo282: folds 
Uncalled bet ($0.12) returned to OHYABABY9317
OHYABABY9317 collected $0.12 from pot
*** SUMMARY ***
Total pot $0.12 | Rake $0 
Board [4s 6s Jc]
Seat 1: mimarosfil folded before Flop (didn't bet)
Seat 2: 16Shagynko16 folded before Flop (didn't bet)
Seat 3: CZ_DDavid (button) folded before Flop (didn't bet)
Seat 4: Dorex2007 (small blind) folded before Flop
Seat 5: bodo282 (big blind) folded on the Flop
Seat 6: tanero112 folded before Flop (didn't bet)
Seat 7: Ginnungagap7 folded before Flop (didn't bet)
Seat 8: mag8574 folded before Flop (didn't bet)
Seat 9: OHYABABY9317 collected ($0.12)



PokerStars Hand #238109044412:  Hold'em No Limit ($0.02/$0.05 USD) - 2022/08/20 10:38:44 PT [2022/08/20 13:38:44 ET]
Table 'Maia IV' 9-max Seat #4 is the button
Seat 1: mimarosfil ($2.82 in chips) 
Seat 2: 16Shagynko16 ($5 in chips) 
Seat 3: CZ_DDavid ($5.30 in chips) 
Seat 4: Dorex2007 ($10.99 in chips) 
Seat 5: bodo282 ($2.87 in chips) 
Seat 6: tanero112 ($9.62 in chips) 
Seat 7: Ginnungagap7 ($3.95 in chips) 
Seat 8: mag8574 ($2.08 in chips) 
Seat 9: OHYABABY9317 ($2.59 in chips) 
bodo282: posts small blind $0.02
tanero112: posts big blind $0.05
*** HOLE CARDS ***
Dealt to Dorex2007 [9s 9d]
Ginnungagap7: raises $0.10 to $0.15
mag8574: folds 
OHYABABY9317: folds 
mimarosfil: folds 
16Shagynko16: folds 
CZ_DDavid: folds 
Dorex2007: calls $0.15
bodo282: calls $0.13
tanero112: folds 
*** FLOP *** [2s 5d 4d]
bodo282: checks 
Ginnungagap7: checks 
Dorex2007: bets $0.48
bodo282: folds 
Ginnungagap7: calls $0.48
*** TURN *** [2s 5d 4d] [8s]
Ginnungagap7: checks 
Dorex2007: bets $1.40
Ginnungagap7: folds 
Uncalled bet ($1.40) returned to Dorex2007
Dorex2007 collected $1.40 from pot
Dorex2007: doesn't show hand 
*** SUMMARY ***
Total pot $1.46 | Rake $0.06 
Board [2s 5d 4d 8s]
Seat 1: mimarosfil folded before Flop (didn't bet)
Seat 2: 16Shagynko16 folded before Flop (didn't bet)
Seat 3: CZ_DDavid folded before Flop (didn't bet)
Seat 4: Dorex2007 (button) collected ($1.40)
Seat 5: bodo282 (small blind) folded on the Flop
Seat 6: tanero112 (big blind) folded before Flop
Seat 7: Ginnungagap7 folded on the Turn
Seat 8: mag8574 folded before Flop (didn't bet)
Seat 9: OHYABABY9317 folded before Flop (didn't bet)



PokerStars Hand #238109060317:  Hold'em No Limit ($0.02/$0.05 USD) - 2022/08/20 10:39:31 PT [2022/08/20 13:39:31 ET]
Table 'Maia IV' 9-max Seat #5 is the button
Seat 1: mimarosfil ($2.82 in chips) 
Seat 2: 16Shagynko16 ($5 in chips) 
Seat 3: CZ_DDavid ($5.30 in chips) 
Seat 4: Dorex2007 ($11.76 in chips) 
Seat 5: bodo282 ($2.72 in chips) 
Seat 6: tanero112 ($9.57 in chips) 
Seat 7: Ginnungagap7 ($3.32 in chips) 
Seat 8: mag8574 ($2.08 in chips) 
Seat 9: OHYABABY9317 ($2.59 in chips) 
tanero112: posts small blind $0.02
Ginnungagap7: posts big blind $0.05
*** HOLE CARDS ***
Dealt to Dorex2007 [Kc Qs]
mag8574: folds 
OHYABABY9317: calls $0.05
mimarosfil: folds 
16Shagynko16: folds 
CZ_DDavid: folds 
Dorex2007: calls $0.05
bodo282: raises $0.10 to $0.15
tanero112: folds 
Ginnungagap7: folds 
OHYABABY9317: calls $0.10
Dorex2007: calls $0.10
*** FLOP *** [8d 2h Th]
OHYABABY9317: checks 
Dorex2007: checks 
bodo282: bets $0.50
OHYABABY9317: folds 
Dorex2007: folds 
Uncalled bet ($0.50) returned to bodo282
bodo282 collected $0.50 from pot
bodo282: doesn't show hand 
*** SUMMARY ***
Total pot $0.52 | Rake $0.02 
Board [8d 2h Th]
Seat 1: mimarosfil folded before Flop (didn't bet)
Seat 2: 16Shagynko16 folded before Flop (didn't bet)
Seat 3: CZ_DDavid folded before Flop (didn't bet)
Seat 4: Dorex2007 folded on the Flop
Seat 5: bodo282 (button) collected ($0.50)
Seat 6: tanero112 (small blind) folded before Flop
Seat 7: Ginnungagap7 (big blind) folded before Flop
Seat 8: mag8574 folded before Flop (didn't bet)
Seat 9: OHYABABY9317 folded on the Flop



PokerStars Hand #238109071545:  Hold'em No Limit ($0.02/$0.05 USD) - 2022/08/20 10:40:03 PT [2022/08/20 13:40:03 ET]
Table 'Maia IV' 9-max Seat #6 is the button
Seat 1: mimarosfil ($2.82 in chips) 
Seat 2: 16Shagynko16 ($5 in chips) 
Seat 3: CZ_DDavid ($5.30 in chips) 
Seat 4: Dorex2007 ($11.61 in chips) 
Seat 5: bodo282 ($3.07 in chips) 
Seat 6: tanero112 ($9.55 in chips) 
Seat 7: Ginnungagap7 ($3.27 in chips) 
Seat 8: mag8574 ($2.08 in chips) 
Seat 9: OHYABABY9317 ($2.44 in chips) 
Ginnungagap7: posts small blind $0.02
mag8574: posts big blind $0.05
*** HOLE CARDS ***
Dealt to Dorex2007 [4d 7d]
OHYABABY9317: folds 
mimarosfil: folds 
16Shagynko16: folds 
CZ_DDavid: folds 
Dorex2007: folds 
bodo282: folds 
tanero112: folds 
Ginnungagap7: raises $0.10 to $0.15
mag8574: folds 
Uncalled bet ($0.10) returned to Ginnungagap7
Ginnungagap7 collected $0.10 from pot
Ginnungagap7: doesn't show hand 
*** SUMMARY ***
Total pot $0.10 | Rake $0 
Seat 1: mimarosfil folded before Flop (didn't bet)
Seat 2: 16Shagynko16 folded before Flop (didn't bet)
Seat 3: CZ_DDavid folded before Flop (didn't bet)
Seat 4: Dorex2007 folded before Flop (didn't bet)
Seat 5: bodo282 folded before Flop (didn't bet)
Seat 6: tanero112 (button) folded before Flop (didn't bet)
Seat 7: Ginnungagap7 (small blind) collected ($0.10)
Seat 8: mag8574 (big blind) folded before Flop
Seat 9: OHYABABY9317 folded before Flop (didn't bet)



PokerStars Hand #238109076230:  Hold'em No Limit ($0.02/$0.05 USD) - 2022/08/20 10:40:17 PT [2022/08/20 13:40:17 ET]
Table 'Maia IV' 9-max Seat #7 is the button
Seat 1: mimarosfil ($2.82 in chips) 
Seat 2: 16Shagynko16 ($5 in chips) 
Seat 3: CZ_DDavid ($5.30 in chips) 
Seat 4: Dorex2007 ($11.61 in chips) 
Seat 5: bodo282 ($3.07 in chips) 
Seat 6: tanero112 ($9.55 in chips) 
Seat 7: Ginnungagap7 ($3.32 in chips) 
Seat 8: mag8574 ($2.03 in chips) 
Seat 9: OHYABABY9317 ($2.44 in chips) 
mag8574: posts small blind $0.02
OHYABABY9317: posts big blind $0.05
*** HOLE CARDS ***
Dealt to Dorex2007 [7d 4c]
mimarosfil: folds 
16Shagynko16: folds 
CZ_DDavid: folds 
Dorex2007: folds 
bodo282: calls $0.05
tanero112: folds 
Ginnungagap7: raises $0.17 to $0.22
mag8574: folds 
OHYABABY9317: folds 
bodo282: folds 
Uncalled bet ($0.17) returned to Ginnungagap7
Ginnungagap7 collected $0.17 from pot
Ginnungagap7: doesn't show hand 
*** SUMMARY ***
Total pot $0.17 | Rake $0 
Seat 1: mimarosfil folded before Flop (didn't bet)
Seat 2: 16Shagynko16 folded before Flop (didn't bet)
Seat 3: CZ_DDavid folded before Flop (didn't bet)
Seat 4: Dorex2007 folded before Flop (didn't bet)
Seat 5: bodo282 folded before Flop
Seat 6: tanero112 folded before Flop (didn't bet)
Seat 7: Ginnungagap7 (button) collected ($0.17)
Seat 8: mag8574 (small blind) folded before Flop
Seat 9: OHYABABY9317 (big blind) folded before Flop



PokerStars Hand #238109082946:  Hold'em No Limit ($0.02/$0.05 USD) - 2022/08/20 10:40:37 PT [2022/08/20 13:40:37 ET]
Table 'Maia IV' 9-max Seat #8 is the button
Seat 1: mimarosfil ($2.82 in chips) 
Seat 2: 16Shagynko16 ($5 in chips) 
Seat 3: CZ_DDavid ($5.30 in chips) 
Seat 4: Dorex2007 ($11.61 in chips) 
Seat 5: bodo282 ($3.02 in chips) 
Seat 6: tanero112 ($9.55 in chips) 
Seat 7: Ginnungagap7 ($3.44 in chips) 
Seat 8: mag8574 ($2.01 in chips) 
Seat 9: OHYABABY9317 ($2.39 in chips) 
OHYABABY9317: posts small blind $0.02
mimarosfil: posts big blind $0.05
*** HOLE CARDS ***
Dealt to Dorex2007 [3s Th]
16Shagynko16: folds 
CZ_DDavid: folds 
Dorex2007: folds 
bodo282: raises $0.05 to $0.10
tanero112: folds 
Ginnungagap7: folds 
mag8574: folds 
OHYABABY9317: folds 
mimarosfil: calls $0.05
*** FLOP *** [Td 6d 3h]
mimarosfil: checks 
bodo282: bets $0.21
mimarosfil: folds 
Uncalled bet ($0.21) returned to bodo282
bodo282 collected $0.21 from pot
bodo282: doesn't show hand 
*** SUMMARY ***
Total pot $0.22 | Rake $0.01 
Board [Td 6d 3h]
Seat 1: mimarosfil (big blind) folded on the Flop
Seat 2: 16Shagynko16 folded before Flop (didn't bet)
Seat 3: CZ_DDavid folded before Flop (didn't bet)
Seat 4: Dorex2007 folded before Flop (didn't bet)
Seat 5: bodo282 collected ($0.21)
Seat 6: tanero112 folded before Flop (didn't bet)
Seat 7: Ginnungagap7 folded before Flop (didn't bet)
Seat 8: mag8574 (button) folded before Flop (didn't bet)
Seat 9: OHYABABY9317 (small blind) folded before Flop



PokerStars Hand #238109090340:  Hold'em No Limit ($0.02/$0.05 USD) - 2022/08/20 10:40:58 PT [2022/08/20 13:40:58 ET]
Table 'Maia IV' 9-max Seat #9 is the button
Seat 1: mimarosfil ($2.72 in chips) 
Seat 2: 16Shagynko16 ($5 in chips) 
Seat 3: CZ_DDavid ($5.30 in chips) 
Seat 4: Dorex2007 ($11.61 in chips) 
Seat 5: bodo282 ($3.13 in chips) 
Seat 6: tanero112 ($9.55 in chips) 
Seat 7: Ginnungagap7 ($3.44 in chips) 
Seat 8: mag8574 ($2.01 in chips) 
Seat 9: OHYABABY9317 ($2.37 in chips) 
mimarosfil: posts small blind $0.02
16Shagynko16: posts big blind $0.05
*** HOLE CARDS ***
Dealt to Dorex2007 [4c 3h]
CZ_DDavid: raises $0.07 to $0.12
Dorex2007: folds 
bodo282: folds 
tanero112: folds 
Ginnungagap7: folds 
mag8574: folds 
OHYABABY9317: folds 
mimarosfil: calls $0.10
16Shagynko16: folds 
*** FLOP *** [Td 6h Kh]
mimarosfil: bets $0.14
CZ_DDavid: folds 
Uncalled bet ($0.14) returned to mimarosfil
mimarosfil collected $0.28 from pot
mimarosfil: doesn't show hand 
*** SUMMARY ***
Total pot $0.29 | Rake $0.01 
Board [Td 6h Kh]
Seat 1: mimarosfil (small blind) collected ($0.28)
Seat 2: 16Shagynko16 (big blind) folded before Flop
Seat 3: CZ_DDavid folded on the Flop
Seat 4: Dorex2007 folded before Flop (didn't bet)
Seat 5: bodo282 folded before Flop (didn't bet)
Seat 6: tanero112 folded before Flop (didn't bet)
Seat 7: Ginnungagap7 folded before Flop (didn't bet)
Seat 8: mag8574 folded before Flop (didn't bet)
Seat 9: OHYABABY9317 (button) folded before Flop (didn't bet)



PokerStars Hand #238109106351:  Hold'em No Limit ($0.02/$0.05 USD) - 2022/08/20 10:41:36 PT [2022/08/20 13:41:36 ET]
Table 'Maia IV' 9-max Seat #1 is the button
Seat 1: mimarosfil ($2.88 in chips) 
Seat 2: 16Shagynko16 ($5 in chips) 
Seat 3: CZ_DDavid ($5.18 in chips) 
Seat 4: Dorex2007 ($11.61 in chips) 
Seat 5: bodo282 ($3.13 in chips) 
Seat 6: tanero112 ($9.55 in chips) 
Seat 7: Ginnungagap7 ($3.44 in chips) 
Seat 8: mag8574 ($2.01 in chips) 
Seat 9: OHYABABY9317 ($2.37 in chips) 
16Shagynko16: posts small blind $0.02
CZ_DDavid: posts big blind $0.05
*** HOLE CARDS ***
Dealt to Dorex2007 [4c 7c]
Dorex2007: folds 
bodo282: folds 
tanero112: raises $0.10 to $0.15
Ginnungagap7: folds 
mag8574: folds 
OHYABABY9317: folds 
mimarosfil: folds 
16Shagynko16: folds 
CZ_DDavid: folds 
Uncalled bet ($0.10) returned to tanero112
tanero112 collected $0.12 from pot
tanero112: doesn't show hand 
*** SUMMARY ***
Total pot $0.12 | Rake $0 
Seat 1: mimarosfil (button) folded before Flop (didn't bet)
Seat 2: 16Shagynko16 (small blind) folded before Flop
Seat 3: CZ_DDavid (big blind) folded before Flop
Seat 4: Dorex2007 folded before Flop (didn't bet)
Seat 5: bodo282 folded before Flop (didn't bet)
Seat 6: tanero112 collected ($0.12)
Seat 7: Ginnungagap7 folded before Flop (didn't bet)
Seat 8: mag8574 folded before Flop (didn't bet)
Seat 9: OHYABABY9317 folded before Flop (didn't bet)



PokerStars Hand #238109111930:  Hold'em No Limit ($0.02/$0.05 USD) - 2022/08/20 10:41:53 PT [2022/08/20 13:41:53 ET]
Table 'Maia IV' 9-max Seat #2 is the button
Seat 1: mimarosfil ($2.88 in chips) 
Seat 2: 16Shagynko16 ($5 in chips) 
Seat 3: CZ_DDavid ($5.13 in chips) 
Seat 4: Dorex2007 ($11.61 in chips) 
Seat 5: bodo282 ($3.13 in chips) 
Seat 6: tanero112 ($9.62 in chips) 
Seat 7: Ginnungagap7 ($3.44 in chips) 
Seat 8: mag8574 ($2.01 in chips) 
Seat 9: OHYABABY9317 ($2.37 in chips) 
CZ_DDavid: posts small blind $0.02
Dorex2007: posts big blind $0.05
*** HOLE CARDS ***
Dealt to Dorex2007 [As Ad]
bodo282: raises $0.05 to $0.10
tanero112: calls $0.10
Ginnungagap7: raises $0.37 to $0.47
mag8574: folds 
OHYABABY9317: folds 
mimarosfil: folds 
16Shagynko16: folds 
CZ_DDavid: folds 
Dorex2007: raises $0.48 to $0.95
bodo282: folds 
tanero112: folds 
Ginnungagap7: folds 
Uncalled bet ($0.48) returned to Dorex2007
Dorex2007 collected $1.16 from pot
Dorex2007: doesn't show hand 
*** SUMMARY ***
Total pot $1.16 | Rake $0 
Seat 1: mimarosfil folded before Flop (didn't bet)
Seat 2: 16Shagynko16 (button) folded before Flop (didn't bet)
Seat 3: CZ_DDavid (small blind) folded before Flop
Seat 4: Dorex2007 (big blind) collected ($1.16)
Seat 5: bodo282 folded before Flop
Seat 6: tanero112 folded before Flop
Seat 7: Ginnungagap7 folded before Flop
Seat 8: mag8574 folded before Flop (didn't bet)
Seat 9: OHYABABY9317 folded before Flop (didn't bet)



PokerStars Hand #238109136188:  Hold'em No Limit ($0.02/$0.05 USD) - 2022/08/20 10:42:35 PT [2022/08/20 13:42:35 ET]
Table 'Maia IV' 9-max Seat #3 is the button
Seat 1: mimarosfil ($2.88 in chips) 
Seat 2: 16Shagynko16 ($5 in chips) 
Seat 3: CZ_DDavid ($5.11 in chips) 
Seat 4: Dorex2007 ($12.30 in chips) 
Seat 5: bodo282 ($3.03 in chips) 
Seat 6: tanero112 ($9.52 in chips) 
Seat 7: Ginnungagap7 ($2.97 in chips) 
Seat 8: mag8574 ($2.01 in chips) 
Seat 9: OHYABABY9317 ($2.37 in chips) 
Dorex2007: posts small blind $0.02
bodo282: posts big blind $0.05
*** HOLE CARDS ***
Dealt to Dorex2007 [3h 8s]
tanero112: folds 
Ginnungagap7: folds 
mag8574: folds 
OHYABABY9317: calls $0.05
mimarosfil: calls $0.05
16Shagynko16: calls $0.05
CZ_DDavid: folds 
Dorex2007: folds 
bodo282: checks 
*** FLOP *** [3c As 2h]
bodo282: checks 
OHYABABY9317: checks 
mimarosfil: checks 
16Shagynko16: checks 
*** TURN *** [3c As 2h] [Jc]
bodo282: bets $0.10
OHYABABY9317: calls $0.10
mimarosfil: folds 
16Shagynko16: calls $0.10
*** RIVER *** [3c As 2h Jc] [7d]
bodo282: bets $0.25
OHYABABY9317: calls $0.25
16Shagynko16: folds 
*** SHOW DOWN ***
bodo282: shows [5c 4d] (a straight, Ace to Five)
OHYABABY9317: mucks hand 
bodo282 collected $0.97 from pot
*** SUMMARY ***
Total pot $1.02 | Rake $0.05 
Board [3c As 2h Jc 7d]
Seat 1: mimarosfil folded on the Turn
Seat 2: 16Shagynko16 folded on the River
Seat 3: CZ_DDavid (button) folded before Flop (didn't bet)
Seat 4: Dorex2007 (small blind) folded before Flop
Seat 5: bodo282 (big blind) showed [5c 4d] and won ($0.97) with a straight, Ace to Five
Seat 6: tanero112 folded before Flop (didn't bet)
Seat 7: Ginnungagap7 folded before Flop (didn't bet)
Seat 8: mag8574 folded before Flop (didn't bet)
Seat 9: OHYABABY9317 mucked [Qh Qd]



PokerStars Hand #238109152315:  Hold'em No Limit ($0.02/$0.05 USD) - 2022/08/20 10:43:23 PT [2022/08/20 13:43:23 ET]
Table 'Maia IV' 9-max Seat #4 is the button
Seat 1: mimarosfil ($2.83 in chips) 
Seat 2: 16Shagynko16 ($5 in chips) 
Seat 3: CZ_DDavid ($5.11 in chips) 
Seat 4: Dorex2007 ($12.28 in chips) 
Seat 5: bodo282 ($3.60 in chips) 
Seat 6: tanero112 ($9.52 in chips) 
Seat 7: Ginnungagap7 ($2.97 in chips) 
Seat 8: mag8574 ($2.01 in chips) 
Seat 9: OHYABABY9317 ($1.97 in chips) 
bodo282: posts small blind $0.02
tanero112: posts big blind $0.05
*** HOLE CARDS ***
Dealt to Dorex2007 [6s 3d]
Ginnungagap7: folds 
mag8574: folds 
OHYABABY9317: folds 
mimarosfil: folds 
16Shagynko16: folds 
CZ_DDavid: folds 
Dorex2007: folds 
bodo282: raises $0.05 to $0.10
tanero112: calls $0.05
*** FLOP *** [Js Ac 8d]
bodo282: checks 
tanero112: bets $0.15
bodo282: folds 
Uncalled bet ($0.15) returned to tanero112
tanero112 collected $0.19 from pot
tanero112: doesn't show hand 
*** SUMMARY ***
Total pot $0.20 | Rake $0.01 
Board [Js Ac 8d]
Seat 1: mimarosfil folded before Flop (didn't bet)
Seat 2: 16Shagynko16 folded before Flop (didn't bet)
Seat 3: CZ_DDavid folded before Flop (didn't bet)
Seat 4: Dorex2007 (button) folded before Flop (didn't bet)
Seat 5: bodo282 (small blind) folded on the Flop
Seat 6: tanero112 (big blind) collected ($0.19)
Seat 7: Ginnungagap7 folded before Flop (didn't bet)
Seat 8: mag8574 folded before Flop (didn't bet)
Seat 9: OHYABABY9317 folded before Flop (didn't bet)



PokerStars Hand #238109161311:  Hold'em No Limit ($0.02/$0.05 USD) - 2022/08/20 10:43:49 PT [2022/08/20 13:43:49 ET]
Table 'Maia IV' 9-max Seat #5 is the button
Seat 1: mimarosfil ($2.83 in chips) 
Seat 2: 16Shagynko16 ($5 in chips) 
Seat 3: CZ_DDavid ($5.11 in chips) 
Seat 4: Dorex2007 ($12.28 in chips) 
Seat 5: bodo282 ($3.50 in chips) 
Seat 6: tanero112 ($9.61 in chips) 
Seat 7: Ginnungagap7 ($2.97 in chips) 
Seat 8: mag8574 ($2.01 in chips) 
Seat 9: OHYABABY9317 ($1.97 in chips) 
tanero112: posts small blind $0.02
Ginnungagap7: posts big blind $0.05
*** HOLE CARDS ***
Dealt to Dorex2007 [4d 9s]
mag8574: folds 
OHYABABY9317: folds 
mimarosfil: folds 
16Shagynko16: folds 
CZ_DDavid: folds 
Dorex2007: folds 
bodo282: calls $0.05
tanero112: calls $0.03
Ginnungagap7: checks 
*** FLOP *** [4s 7c 9d]
tanero112: checks 
Ginnungagap7: checks 
bodo282: checks 
*** TURN *** [4s 7c 9d] [3h]
tanero112: checks 
Ginnungagap7: checks 
bodo282: checks 
*** RIVER *** [4s 7c 9d 3h] [2d]
tanero112: bets $0.05
Ginnungagap7: folds 
bodo282: raises $0.12 to $0.17
tanero112: raises $0.23 to $0.40
bodo282: calls $0.23
*** SHOW DOWN ***
tanero112: shows [5d Ad] (a straight, Ace to Five)
bodo282: mucks hand 
tanero112 collected $0.90 from pot
*** SUMMARY ***
Total pot $0.95 | Rake $0.05 
Board [4s 7c 9d 3h 2d]
Seat 1: mimarosfil folded before Flop (didn't bet)
Seat 2: 16Shagynko16 folded before Flop (didn't bet)
Seat 3: CZ_DDavid folded before Flop (didn't bet)
Seat 4: Dorex2007 folded before Flop (didn't bet)
Seat 5: bodo282 (button) mucked [2h 2s]
Seat 6: tanero112 (small blind) showed [5d Ad] and won ($0.90) with a straight, Ace to Five
Seat 7: Ginnungagap7 (big blind) folded on the River
Seat 8: mag8574 folded before Flop (didn't bet)
Seat 9: OHYABABY9317 folded before Flop (didn't bet)



PokerStars Hand #238109184016:  Hold'em No Limit ($0.02/$0.05 USD) - 2022/08/20 10:44:56 PT [2022/08/20 13:44:56 ET]
Table 'Maia IV' 9-max Seat #6 is the button
Seat 1: mimarosfil ($2.83 in chips) 
Seat 2: 16Shagynko16 ($5 in chips) 
Seat 3: CZ_DDavid ($5.11 in chips) 
Seat 4: Dorex2007 ($12.28 in chips) 
Seat 5: bodo282 ($3.05 in chips) 
Seat 6: tanero112 ($10.06 in chips) 
Seat 7: Ginnungagap7 ($2.92 in chips) 
Seat 8: mag8574 ($2.01 in chips) 
Seat 9: OHYABABY9317 ($1.97 in chips) 
Ginnungagap7: posts small blind $0.02
mag8574: posts big blind $0.05
*** HOLE CARDS ***
Dealt to Dorex2007 [3h Td]
OHYABABY9317: folds 
mimarosfil: folds 
16Shagynko16: folds 
CZ_DDavid: folds 
Dorex2007: folds 
bodo282: raises $0.05 to $0.10
tanero112: calls $0.10
Ginnungagap7: calls $0.08
mag8574: folds 
*** FLOP *** [4c 4s 9c]
Ginnungagap7: checks 
bodo282: bets $0.17
tanero112: calls $0.17
Ginnungagap7: folds 
*** TURN *** [4c 4s 9c] [8d]
bodo282: checks 
tanero112: checks 
*** RIVER *** [4c 4s 9c 8d] [5d]
bodo282: bets $0.66
tanero112: folds 
Uncalled bet ($0.66) returned to bodo282
bodo282 collected $0.65 from pot
bodo282: doesn't show hand 
*** SUMMARY ***
Total pot $0.69 | Rake $0.04 
Board [4c 4s 9c 8d 5d]
Seat 1: mimarosfil folded before Flop (didn't bet)
Seat 2: 16Shagynko16 folded before Flop (didn't bet)
Seat 3: CZ_DDavid folded before Flop (didn't bet)
Seat 4: Dorex2007 folded before Flop (didn't bet)
Seat 5: bodo282 collected ($0.65)
Seat 6: tanero112 (button) folded on the River
Seat 7: Ginnungagap7 (small blind) folded on the Flop
Seat 8: mag8574 (big blind) folded before Flop
Seat 9: OHYABABY9317 folded before Flop (didn't bet)



PokerStars Hand #238109205509:  Hold'em No Limit ($0.02/$0.05 USD) - 2022/08/20 10:46:00 PT [2022/08/20 13:46:00 ET]
Table 'Maia IV' 9-max Seat #7 is the button
Seat 1: mimarosfil ($2.83 in chips) 
Seat 2: 16Shagynko16 ($5 in chips) 
Seat 3: CZ_DDavid ($5.11 in chips) 
Seat 4: Dorex2007 ($12.28 in chips) 
Seat 5: bodo282 ($3.43 in chips) 
Seat 6: tanero112 ($9.79 in chips) 
Seat 7: Ginnungagap7 ($2.82 in chips) 
Seat 8: mag8574 ($1.96 in chips) 
Seat 9: OHYABABY9317 ($1.97 in chips) 
mag8574: posts small blind $0.02
OHYABABY9317: posts big blind $0.05
*** HOLE CARDS ***
Dealt to Dorex2007 [2s 4h]
mimarosfil: folds 
16Shagynko16: folds 
CZ_DDavid: folds 
Dorex2007: folds 
bodo282: calls $0.05
tanero112: folds 
Ginnungagap7: folds 
mag8574: calls $0.03
OHYABABY9317: checks 
*** FLOP *** [Qc Jc 8d]
mag8574: checks 
OHYABABY9317: checks 
bodo282: bets $0.07
mag8574: folds 
OHYABABY9317: folds 
Uncalled bet ($0.07) returned to bodo282
bodo282 collected $0.14 from pot
bodo282: doesn't show hand 
*** SUMMARY ***
Total pot $0.15 | Rake $0.01 
Board [Qc Jc 8d]
Seat 1: mimarosfil folded before Flop (didn't bet)
Seat 2: 16Shagynko16 folded before Flop (didn't bet)
Seat 3: CZ_DDavid folded before Flop (didn't bet)
Seat 4: Dorex2007 folded before Flop (didn't bet)
Seat 5: bodo282 collected ($0.14)
Seat 6: tanero112 folded before Flop (didn't bet)
Seat 7: Ginnungagap7 (button) folded before Flop (didn't bet)
Seat 8: mag8574 (small blind) folded on the Flop
Seat 9: OHYABABY9317 (big blind) folded on the Flop



PokerStars Hand #238109216860:  Hold'em No Limit ($0.02/$0.05 USD) - 2022/08/20 10:46:34 PT [2022/08/20 13:46:34 ET]
Table 'Maia IV' 9-max Seat #8 is the button
Seat 1: mimarosfil ($2.83 in chips) 
Seat 2: 16Shagynko16 ($5 in chips) 
Seat 3: CZ_DDavid ($5.11 in chips) 
Seat 4: Dorex2007 ($12.28 in chips) 
Seat 5: bodo282 ($3.52 in chips) 
Seat 6: tanero112 ($9.79 in chips) 
Seat 7: Ginnungagap7 ($2.82 in chips) 
Seat 8: mag8574 ($1.91 in chips) 
Seat 9: OHYABABY9317 ($1.92 in chips) 
OHYABABY9317: posts small blind $0.02
mimarosfil: posts big blind $0.05
*** HOLE CARDS ***
Dealt to Dorex2007 [Qc 5s]
16Shagynko16: folds 
CZ_DDavid: folds 
Dorex2007: folds 
bodo282: raises $0.05 to $0.10
tanero112: folds 
Ginnungagap7: folds 
mag8574: folds 
OHYABABY9317: folds 
mimarosfil: folds 
Uncalled bet ($0.05) returned to bodo282
bodo282 collected $0.12 from pot
bodo282: doesn't show hand 
*** SUMMARY ***
Total pot $0.12 | Rake $0 
Seat 1: mimarosfil (big blind) folded before Flop
Seat 2: 16Shagynko16 folded before Flop (didn't bet)
Seat 3: CZ_DDavid folded before Flop (didn't bet)
Seat 4: Dorex2007 folded before Flop (didn't bet)
Seat 5: bodo282 collected ($0.12)
Seat 6: tanero112 folded before Flop (didn't bet)
Seat 7: Ginnungagap7 folded before Flop (didn't bet)
Seat 8: mag8574 (button) folded before Flop (didn't bet)
Seat 9: OHYABABY9317 (small blind) folded before Flop



PokerStars Hand #238109221805:  Hold'em No Limit ($0.02/$0.05 USD) - 2022/08/20 10:46:49 PT [2022/08/20 13:46:49 ET]
Table 'Maia IV' 9-max Seat #9 is the button
Seat 1: mimarosfil ($2.78 in chips) 
Seat 2: 16Shagynko16 ($5 in chips) 
Seat 3: CZ_DDavid ($5.11 in chips) 
Seat 4: Dorex2007 ($12.28 in chips) 
Seat 5: bodo282 ($3.59 in chips) 
Seat 6: tanero112 ($9.79 in chips) 
Seat 7: Ginnungagap7 ($2.82 in chips) 
Seat 8: mag8574 ($1.91 in chips) 
Seat 9: OHYABABY9317 ($1.90 in chips) 
mimarosfil: posts small blind $0.02
16Shagynko16: posts big blind $0.05
*** HOLE CARDS ***
Dealt to Dorex2007 [Jd Kh]
CZ_DDavid: folds 
Dorex2007: folds 
bodo282: folds 
tanero112: folds 
Ginnungagap7: folds 
mag8574: folds 
OHYABABY9317: folds 
mimarosfil: raises $0.05 to $0.10
16Shagynko16: folds 
Uncalled bet ($0.05) returned to mimarosfil
mimarosfil collected $0.10 from pot
mimarosfil: doesn't show hand 
*** SUMMARY ***
Total pot $0.10 | Rake $0 
Seat 1: mimarosfil (small blind) collected ($0.10)
Seat 2: 16Shagynko16 (big blind) folded before Flop
Seat 3: CZ_DDavid folded before Flop (didn't bet)
Seat 4: Dorex2007 folded before Flop (didn't bet)
Seat 5: bodo282 folded before Flop (didn't bet)
Seat 6: tanero112 folded before Flop (didn't bet)
Seat 7: Ginnungagap7 folded before Flop (didn't bet)
Seat 8: mag8574 folded before Flop (didn't bet)
Seat 9: OHYABABY9317 (button) folded before Flop (didn't bet)



PokerStars Hand #238109226150:  Hold'em No Limit ($0.02/$0.05 USD) - 2022/08/20 10:47:02 PT [2022/08/20 13:47:02 ET]
Table 'Maia IV' 9-max Seat #1 is the button
Seat 1: mimarosfil ($2.83 in chips) 
Seat 2: 16Shagynko16 ($5 in chips) 
Seat 3: CZ_DDavid ($5.11 in chips) 
Seat 4: Dorex2007 ($12.28 in chips) 
Seat 5: bodo282 ($3.59 in chips) 
Seat 6: tanero112 ($9.79 in chips) 
Seat 7: Ginnungagap7 ($2.82 in chips) 
Seat 8: mag8574 ($1.91 in chips) 
Seat 9: OHYABABY9317 ($1.90 in chips) 
16Shagynko16: posts small blind $0.02
CZ_DDavid: posts big blind $0.05
*** HOLE CARDS ***
Dealt to Dorex2007 [7c Js]
Dorex2007: folds 
bodo282: folds 
tanero112: folds 
Ginnungagap7: raises $0.10 to $0.15
mag8574: folds 
OHYABABY9317: folds 
mimarosfil: folds 
16Shagynko16: folds 
CZ_DDavid: folds 
Uncalled bet ($0.10) returned to Ginnungagap7
Ginnungagap7 collected $0.12 from pot
Ginnungagap7: doesn't show hand 
*** SUMMARY ***
Total pot $0.12 | Rake $0 
Seat 1: mimarosfil (button) folded before Flop (didn't bet)
Seat 2: 16Shagynko16 (small blind) folded before Flop
Seat 3: CZ_DDavid (big blind) folded before Flop
Seat 4: Dorex2007 folded before Flop (didn't bet)
Seat 5: bodo282 folded before Flop (didn't bet)
Seat 6: tanero112 folded before Flop (didn't bet)
Seat 7: Ginnungagap7 collected ($0.12)
Seat 8: mag8574 folded before Flop (didn't bet)
Seat 9: OHYABABY9317 folded before Flop (didn't bet)



PokerStars Hand #238109232445:  Hold'em No Limit ($0.02/$0.05 USD) - 2022/08/20 10:47:21 PT [2022/08/20 13:47:21 ET]
Table 'Maia IV' 9-max Seat #2 is the button
Seat 1: mimarosfil ($2.83 in chips) 
Seat 2: 16Shagynko16 ($5 in chips) 
Seat 3: CZ_DDavid ($5.06 in chips) 
Seat 4: Dorex2007 ($12.28 in chips) 
Seat 5: bodo282 ($3.59 in chips) 
Seat 6: tanero112 ($9.79 in chips) 
Seat 7: Ginnungagap7 ($2.89 in chips) 
Seat 8: mag8574 ($1.91 in chips) 
Seat 9: OHYABABY9317 ($1.90 in chips) 
CZ_DDavid: posts small blind $0.02
Dorex2007: posts big blind $0.05
*** HOLE CARDS ***
Dealt to Dorex2007 [Ts Ah]
bodo282: folds 
tanero112: raises $0.10 to $0.15
Ginnungagap7: folds 
mag8574: folds 
OHYABABY9317: folds 
mimarosfil: folds 
16Shagynko16: folds 
CZ_DDavid: folds 
Dorex2007: calls $0.10
*** FLOP *** [Kh 3h 8h]
Dorex2007: checks 
tanero112: bets $0.20
Dorex2007: raises $0.25 to $0.45
tanero112: folds 
Uncalled bet ($0.25) returned to Dorex2007
Dorex2007 collected $0.69 from pot
Dorex2007: doesn't show hand 
*** SUMMARY ***
Total pot $0.72 | Rake $0.03 
Board [Kh 3h 8h]
Seat 1: mimarosfil folded before Flop (didn't bet)
Seat 2: 16Shagynko16 (button) folded before Flop (didn't bet)
Seat 3: CZ_DDavid (small blind) folded before Flop
Seat 4: Dorex2007 (big blind) collected ($0.69)
Seat 5: bodo282 folded before Flop (didn't bet)
Seat 6: tanero112 folded on the Flop
Seat 7: Ginnungagap7 folded before Flop (didn't bet)
Seat 8: mag8574 folded before Flop (didn't bet)
Seat 9: OHYABABY9317 folded before Flop (didn't bet)



PokerStars Hand #238109243932:  Hold'em No Limit ($0.02/$0.05 USD) - 2022/08/20 10:47:55 PT [2022/08/20 13:47:55 ET]
Table 'Maia IV' 9-max Seat #3 is the button
Seat 1: mimarosfil ($2.83 in chips) 
Seat 2: 16Shagynko16 ($5 in chips) 
Seat 3: CZ_DDavid ($5.04 in chips) 
Seat 4: Dorex2007 ($12.62 in chips) 
Seat 5: bodo282 ($3.59 in chips) 
Seat 6: tanero112 ($9.44 in chips) 
Seat 7: Ginnungagap7 ($2.89 in chips) 
Seat 8: mag8574 ($1.91 in chips) 
Seat 9: OHYABABY9317 ($1.90 in chips) 
Dorex2007: posts small blind $0.02
bodo282: posts big blind $0.05
*** HOLE CARDS ***
Dealt to Dorex2007 [5c 6c]
tanero112: raises $0.10 to $0.15
Ginnungagap7: folds 
mag8574: folds 
OHYABABY9317: folds 
mimarosfil: raises $0.30 to $0.45
16Shagynko16: raises $0.45 to $0.90
CZ_DDavid: folds 
Dorex2007: folds 
bodo282: folds 
tanero112: raises $8.54 to $9.44 and is all-in
mimarosfil: calls $2.38 and is all-in
16Shagynko16: folds 
Uncalled bet ($6.61) returned to tanero112
*** FLOP *** [8h 7c 9h]
*** TURN *** [8h 7c 9h] [Td]
*** RIVER *** [8h 7c 9h Td] [7h]
*** SHOW DOWN ***
tanero112: shows [Ad As] (two pair, Aces and Sevens)
mimarosfil: shows [Qh Qs] (two pair, Queens and Sevens)
tanero112 collected $6.28 from pot
mimarosfil cashed out the hand for $1.16 | Cash Out Fee $0.01
*** SUMMARY ***
Total pot $6.63 | Rake $0.35 
Board [8h 7c 9h Td 7h]
Seat 1: mimarosfil showed [Qh Qs] and lost with two pair, Queens and Sevens (cashed out).
Seat 2: 16Shagynko16 folded before Flop
Seat 3: CZ_DDavid (button) folded before Flop (didn't bet)
Seat 4: Dorex2007 (small blind) folded before Flop
Seat 5: bodo282 (big blind) folded before Flop
Seat 6: tanero112 showed [Ad As] and won ($6.28) with two pair, Aces and Sevens
Seat 7: Ginnungagap7 folded before Flop (didn't bet)
Seat 8: mag8574 folded before Flop (didn't bet)
Seat 9: OHYABABY9317 folded before Flop (didn't bet)



PokerStars Hand #238109276239:  Hold'em No Limit ($0.02/$0.05 USD) - 2022/08/20 10:49:33 PT [2022/08/20 13:49:33 ET]
Table 'Maia IV' 9-max Seat #4 is the button
Seat 1: mimarosfil ($1.16 in chips) 
Seat 2: 16Shagynko16 ($5 in chips) 
Seat 3: CZ_DDavid ($5.04 in chips) 
Seat 4: Dorex2007 ($12.60 in chips) 
Seat 5: bodo282 ($3.54 in chips) 
Seat 6: tanero112 ($12.89 in chips) 
Seat 7: Ginnungagap7 ($2.89 in chips) 
Seat 8: mag8574 ($1.91 in chips) 
Seat 9: OHYABABY9317 ($1.90 in chips) 
bodo282: posts small blind $0.02
tanero112: posts big blind $0.05
*** HOLE CARDS ***
Dealt to Dorex2007 [2c 9d]
Ginnungagap7: folds 
mag8574: folds 
OHYABABY9317: folds 
mimarosfil: folds 
16Shagynko16: folds 
CZ_DDavid: folds 
Dorex2007: folds 
bodo282: calls $0.03
tanero112: checks 
*** FLOP *** [4d Qd 5d]
bodo282: checks 
tanero112: checks 
*** TURN *** [4d Qd 5d] [7d]
bodo282: checks 
tanero112: checks 
*** RIVER *** [4d Qd 5d 7d] [Tc]
bodo282: bets $0.10
tanero112: calls $0.10
*** SHOW DOWN ***
bodo282: shows [6s 3c] (a straight, Three to Seven)
tanero112: mucks hand 
bodo282 collected $0.29 from pot
*** SUMMARY ***
Total pot $0.30 | Rake $0.01 
Board [4d Qd 5d 7d Tc]
Seat 1: mimarosfil folded before Flop (didn't bet)
Seat 2: 16Shagynko16 folded before Flop (didn't bet)
Seat 3: CZ_DDavid folded before Flop (didn't bet)
Seat 4: Dorex2007 (button) folded before Flop (didn't bet)
Seat 5: bodo282 (small blind) showed [6s 3c] and won ($0.29) with a straight, Three to Seven
Seat 6: tanero112 (big blind) mucked [Th 6c]
Seat 7: Ginnungagap7 folded before Flop (didn't bet)
Seat 8: mag8574 folded before Flop (didn't bet)
Seat 9: OHYABABY9317 folded before Flop (didn't bet)



PokerStars Hand #238109288238:  Hold'em No Limit ($0.02/$0.05 USD) - 2022/08/20 10:50:10 PT [2022/08/20 13:50:10 ET]
Table 'Maia IV' 9-max Seat #5 is the button
Seat 1: mimarosfil ($1.16 in chips) 
Seat 2: 16Shagynko16 ($5 in chips) 
Seat 3: CZ_DDavid ($5.04 in chips) 
Seat 4: Dorex2007 ($12.60 in chips) 
Seat 5: bodo282 ($3.68 in chips) 
Seat 6: tanero112 ($12.74 in chips) 
Seat 7: Ginnungagap7 ($2.89 in chips) 
Seat 8: mag8574 ($1.91 in chips) 
Seat 9: OHYABABY9317 ($1.90 in chips) 
tanero112: posts small blind $0.02
Ginnungagap7: posts big blind $0.05
*** HOLE CARDS ***
Dealt to Dorex2007 [Ah 4c]
mag8574: folds 
OHYABABY9317: folds 
mimarosfil: folds 
16Shagynko16: folds 
CZ_DDavid: folds 
Dorex2007: folds 
bodo282: raises $0.05 to $0.10
tanero112: folds 
Ginnungagap7: folds 
Uncalled bet ($0.05) returned to bodo282
bodo282 collected $0.12 from pot
bodo282: doesn't show hand 
*** SUMMARY ***
Total pot $0.12 | Rake $0 
Seat 1: mimarosfil folded before Flop (didn't bet)
Seat 2: 16Shagynko16 folded before Flop (didn't bet)
Seat 3: CZ_DDavid folded before Flop (didn't bet)
Seat 4: Dorex2007 folded before Flop (didn't bet)
Seat 5: bodo282 (button) collected ($0.12)
Seat 6: tanero112 (small blind) folded before Flop
Seat 7: Ginnungagap7 (big blind) folded before Flop
Seat 8: mag8574 folded before Flop (didn't bet)
Seat 9: OHYABABY9317 folded before Flop (didn't bet)



PokerStars Hand #238109297743:  Hold'em No Limit ($0.02/$0.05 USD) - 2022/08/20 10:50:39 PT [2022/08/20 13:50:39 ET]
Table 'Maia IV' 9-max Seat #6 is the button
Seat 1: mimarosfil ($1.16 in chips) 
Seat 2: 16Shagynko16 ($5 in chips) 
Seat 3: CZ_DDavid ($5.04 in chips) 
Seat 4: Dorex2007 ($12.60 in chips) 
Seat 5: bodo282 ($3.75 in chips) 
Seat 6: tanero112 ($12.72 in chips) 
Seat 7: Ginnungagap7 ($2.84 in chips) 
Seat 8: mag8574 ($1.91 in chips) 
Seat 9: OHYABABY9317 ($1.90 in chips) 
Ginnungagap7: posts small blind $0.02
mag8574: posts big blind $0.05
*** HOLE CARDS ***
Dealt to Dorex2007 [9h Kh]
OHYABABY9317: folds 
mimarosfil: folds 
16Shagynko16: folds 
CZ_DDavid: raises $0.10 to $0.15
Dorex2007: folds 
bodo282: folds 
tanero112: folds 
Ginnungagap7: folds 
mag8574: folds 
Uncalled bet ($0.10) returned to CZ_DDavid
CZ_DDavid collected $0.12 from pot
CZ_DDavid: doesn't show hand 
*** SUMMARY ***
Total pot $0.12 | Rake $0 
Seat 1: mimarosfil folded before Flop (didn't bet)
Seat 2: 16Shagynko16 folded before Flop (didn't bet)
Seat 3: CZ_DDavid collected ($0.12)
Seat 4: Dorex2007 folded before Flop (didn't bet)
Seat 5: bodo282 folded before Flop (didn't bet)
Seat 6: tanero112 (button) folded before Flop (didn't bet)
Seat 7: Ginnungagap7 (small blind) folded before Flop
Seat 8: mag8574 (big blind) folded before Flop
Seat 9: OHYABABY9317 folded before Flop (didn't bet)



PokerStars Hand #238109304045:  Hold'em No Limit ($0.02/$0.05 USD) - 2022/08/20 10:50:58 PT [2022/08/20 13:50:58 ET]
Table 'Maia IV' 9-max Seat #7 is the button
Seat 1: mimarosfil ($1.16 in chips) 
Seat 2: 16Shagynko16 ($5 in chips) 
Seat 3: CZ_DDavid ($5.11 in chips) 
Seat 4: Dorex2007 ($12.60 in chips) 
Seat 5: bodo282 ($3.75 in chips) 
Seat 6: tanero112 ($12.72 in chips) 
Seat 7: Ginnungagap7 ($2.82 in chips) 
Seat 8: mag8574 ($1.86 in chips) 
Seat 9: OHYABABY9317 ($1.90 in chips) 
mag8574: posts small blind $0.02
OHYABABY9317: posts big blind $0.05
*** HOLE CARDS ***
Dealt to Dorex2007 [7s Qh]
mimarosfil: calls $0.05
16Shagynko16: folds 
CZ_DDavid: folds 
Dorex2007: folds 
bodo282: folds 
tanero112: raises $0.10 to $0.15
Ginnungagap7: folds 
mag8574: folds 
OHYABABY9317: calls $0.10
mimarosfil: raises $1.01 to $1.16 and is all-in
tanero112: folds 
OHYABABY9317: calls $1.01
*** FLOP *** [5d 2s Jc]
*** TURN *** [5d 2s Jc] [8s]
*** RIVER *** [5d 2s Jc 8s] [8c]
*** SHOW DOWN ***
OHYABABY9317: shows [Kd Qs] (a pair of Eights)
mimarosfil: shows [7d 7h] (two pair, Eights and Sevens)
mimarosfil collected $2.39 from pot
*** SUMMARY ***
Total pot $2.49 | Rake $0.10 
Board [5d 2s Jc 8s 8c]
Seat 1: mimarosfil showed [7d 7h] and won ($2.39) with two pair, Eights and Sevens
Seat 2: 16Shagynko16 folded before Flop (didn't bet)
Seat 3: CZ_DDavid folded before Flop (didn't bet)
Seat 4: Dorex2007 folded before Flop (didn't bet)
Seat 5: bodo282 folded before Flop (didn't bet)
Seat 6: tanero112 folded before Flop
Seat 7: Ginnungagap7 (button) folded before Flop (didn't bet)
Seat 8: mag8574 (small blind) folded before Flop
Seat 9: OHYABABY9317 (big blind) showed [Kd Qs] and lost with a pair of Eights



PokerStars Hand #238109317147:  Hold'em No Limit ($0.02/$0.05 USD) - 2022/08/20 10:51:37 PT [2022/08/20 13:51:37 ET]
Table 'Maia IV' 9-max Seat #8 is the button
Seat 1: mimarosfil ($2.39 in chips) 
Seat 2: 16Shagynko16 ($5 in chips) 
Seat 3: CZ_DDavid ($5.11 in chips) 
Seat 4: Dorex2007 ($12.60 in chips) 
Seat 5: bodo282 ($3.75 in chips) 
Seat 6: tanero112 ($12.57 in chips) 
Seat 7: Ginnungagap7 ($2.82 in chips) 
Seat 8: mag8574 ($1.84 in chips) 
Seat 9: OHYABABY9317 ($0.74 in chips) 
OHYABABY9317: posts small blind $0.02
mimarosfil: posts big blind $0.05
*** HOLE CARDS ***
Dealt to Dorex2007 [Ts Jh]
16Shagynko16: folds 
CZ_DDavid: folds 
Dorex2007: folds 
bodo282: calls $0.05
tanero112: folds 
Ginnungagap7: raises $0.17 to $0.22
mag8574: folds 
OHYABABY9317: raises $0.52 to $0.74 and is all-in
mimarosfil: calls $0.69
bodo282: folds 
Ginnungagap7: folds 
*** FLOP *** [8h 8d 7c]
*** TURN *** [8h 8d 7c] [5s]
*** RIVER *** [8h 8d 7c 5s] [5h]
*** SHOW DOWN ***
OHYABABY9317: shows [4h Ad] (two pair, Eights and Fives)
mimarosfil: shows [Qc Qh] (two pair, Queens and Eights)
mimarosfil collected $1.68 from pot
*** SUMMARY ***
Total pot $1.75 | Rake $0.07 
Board [8h 8d 7c 5s 5h]
Seat 1: mimarosfil (big blind) showed [Qc Qh] and won ($1.68) with two pair, Queens and Eights
Seat 2: 16Shagynko16 folded before Flop (didn't bet)
Seat 3: CZ_DDavid folded before Flop (didn't bet)
Seat 4: Dorex2007 folded before Flop (didn't bet)
Seat 5: bodo282 folded before Flop
Seat 6: tanero112 folded before Flop (didn't bet)
Seat 7: Ginnungagap7 folded before Flop
Seat 8: mag8574 (button) folded before Flop (didn't bet)
Seat 9: OHYABABY9317 (small blind) showed [4h Ad] and lost with two pair, Eights and Fives



PokerStars Hand #238109341804:  Hold'em No Limit ($0.02/$0.05 USD) - 2022/08/20 10:52:22 PT [2022/08/20 13:52:22 ET]
Table 'Maia IV' 9-max Seat #1 is the button
Seat 1: mimarosfil ($3.33 in chips) 
Seat 2: 16Shagynko16 ($5 in chips) 
Seat 3: CZ_DDavid ($5.11 in chips) 
Seat 4: Dorex2007 ($12.60 in chips) 
Seat 5: bodo282 ($3.70 in chips) 
Seat 6: tanero112 ($12.57 in chips) 
Seat 7: Ginnungagap7 ($2.60 in chips) 
Seat 8: mag8574 ($1.84 in chips) 
16Shagynko16: posts small blind $0.02
CZ_DDavid: posts big blind $0.05
*** HOLE CARDS ***
Dealt to Dorex2007 [2d Ad]
Dorex2007: folds 
bodo282: raises $0.05 to $0.10
tanero112: calls $0.10
Ginnungagap7: folds 
mag8574: folds 
mimarosfil: calls $0.10
16Shagynko16: folds 
CZ_DDavid: folds 
*** FLOP *** [4d 5c 6h]
bodo282: checks 
OHYABABY9317 is disconnected 
tanero112: checks 
mimarosfil: checks 
*** TURN *** [4d 5c 6h] [8s]
bodo282: checks 
tanero112: checks 
mimarosfil: checks 
*** RIVER *** [4d 5c 6h 8s] [5d]
bodo282: bets $0.17
tanero112: folds 
mimarosfil: raises $0.18 to $0.35
bodo282: folds 
Uncalled bet ($0.18) returned to mimarosfil
mimarosfil collected $0.68 from pot
mimarosfil: doesn't show hand 
*** SUMMARY ***
Total pot $0.71 | Rake $0.03 
Board [4d 5c 6h 8s 5d]
Seat 1: mimarosfil (button) collected ($0.68)
Seat 2: 16Shagynko16 (small blind) folded before Flop
Seat 3: CZ_DDavid (big blind) folded before Flop
Seat 4: Dorex2007 folded before Flop (didn't bet)
Seat 5: bodo282 folded on the River
Seat 6: tanero112 folded on the River
Seat 7: Ginnungagap7 folded before Flop (didn't bet)
Seat 8: mag8574 folded before Flop (didn't bet)



PokerStars Hand #238109361752:  Hold'em No Limit ($0.02/$0.05 USD) - 2022/08/20 10:53:24 PT [2022/08/20 13:53:24 ET]
Table 'Maia IV' 9-max Seat #2 is the button
Seat 1: mimarosfil ($3.74 in chips) 
Seat 2: 16Shagynko16 ($5 in chips) 
Seat 3: CZ_DDavid ($5.06 in chips) 
Seat 4: Dorex2007 ($12.60 in chips) 
Seat 5: bodo282 ($3.43 in chips) 
Seat 6: tanero112 ($12.47 in chips) 
Seat 7: Ginnungagap7 ($2.60 in chips) 
Seat 8: mag8574 ($1.84 in chips) 
CZ_DDavid: posts small blind $0.02
Dorex2007: posts big blind $0.05
*** HOLE CARDS ***
Dealt to Dorex2007 [4s 4d]
bodo282: calls $0.05
tanero112: folds 
Ginnungagap7: folds 
mag8574: calls $0.05
mimarosfil: folds 
16Shagynko16: calls $0.05
CZ_DDavid: folds 
Dorex2007: checks 
*** FLOP *** [7d Jc Js]
Dorex2007: checks 
bodo282: checks 
mag8574: checks 
16Shagynko16: checks 
*** TURN *** [7d Jc Js] [9d]
Dorex2007: checks 
bodo282: checks 
mag8574: checks 
16Shagynko16: checks 
*** RIVER *** [7d Jc Js 9d] [6s]
Dorex2007: checks 
bodo282: checks 
mag8574: checks 
16Shagynko16: checks 
*** SHOW DOWN ***
Dorex2007: shows [4s 4d] (two pair, Jacks and Fours)
bodo282: mucks hand 
mag8574: shows [8c 8h] (two pair, Jacks and Eights)
16Shagynko16: mucks hand 
mag8574 collected $0.21 from pot
*** SUMMARY ***
Total pot $0.22 | Rake $0.01 
Board [7d Jc Js 9d 6s]
Seat 1: mimarosfil folded before Flop (didn't bet)
Seat 2: 16Shagynko16 (button) mucked [Th Ah]
Seat 3: CZ_DDavid (small blind) folded before Flop
Seat 4: Dorex2007 (big blind) showed [4s 4d] and lost with two pair, Jacks and Fours
Seat 5: bodo282 mucked [2h 5h]
Seat 6: tanero112 folded before Flop (didn't bet)
Seat 7: Ginnungagap7 folded before Flop (didn't bet)
Seat 8: mag8574 showed [8c 8h] and won ($0.21) with two pair, Jacks and Eights



PokerStars Hand #238109379392:  Hold'em No Limit ($0.02/$0.05 USD) - 2022/08/20 10:54:18 PT [2022/08/20 13:54:18 ET]
Table 'Maia IV' 9-max Seat #3 is the button
Seat 1: mimarosfil ($3.74 in chips) 
Seat 2: 16Shagynko16 ($5 in chips) 
Seat 3: CZ_DDavid ($5.04 in chips) 
Seat 4: Dorex2007 ($12.55 in chips) 
Seat 5: bodo282 ($3.38 in chips) 
Seat 6: tanero112 ($12.47 in chips) 
Seat 7: Ginnungagap7 ($2.60 in chips) 
Seat 8: mag8574 ($2 in chips) 
Dorex2007: posts small blind $0.02
bodo282: posts big blind $0.05
*** HOLE CARDS ***
Dealt to Dorex2007 [7s 3d]
tanero112: folds 
Ginnungagap7: folds 
mag8574: folds 
mimarosfil: calls $0.05
16Shagynko16: calls $0.05
CZ_DDavid: folds 
Dorex2007: folds 
bodo282: checks 
*** FLOP *** [6h Jd Ad]
bodo282: checks 
mimarosfil: checks 
16Shagynko16: checks 
*** TURN *** [6h Jd Ad] [Jc]
tanero112 leaves the table
bodo282: checks 
mimarosfil: checks 
pelepanjouri joins the table at seat #6 
16Shagynko16: checks 
*** RIVER *** [6h Jd Ad Jc] [Kc]
bodo282: checks 
mimarosfil: checks 
16Shagynko16: checks 
*** SHOW DOWN ***
bodo282: shows [Ks 3s] (two pair, Kings and Jacks)
mimarosfil: mucks hand 
16Shagynko16: mucks hand 
bodo282 collected $0.16 from pot
*** SUMMARY ***
Total pot $0.17 | Rake $0.01 
Board [6h Jd Ad Jc Kc]
Seat 1: mimarosfil mucked [Qc 9c]
Seat 2: 16Shagynko16 mucked [4s 5s]
Seat 3: CZ_DDavid (button) folded before Flop (didn't bet)
Seat 4: Dorex2007 (small blind) folded before Flop
Seat 5: bodo282 (big blind) showed [Ks 3s] and won ($0.16) with two pair, Kings and Jacks
Seat 6: tanero112 folded before Flop (didn't bet)
Seat 7: Ginnungagap7 folded before Flop (didn't bet)
Seat 8: mag8574 folded before Flop (didn't bet)



PokerStars Hand #238109386634:  Hold'em No Limit ($0.02/$0.05 USD) - 2022/08/20 10:54:40 PT [2022/08/20 13:54:40 ET]
Table 'Maia IV' 9-max Seat #4 is the button
Seat 1: mimarosfil ($3.69 in chips) 
Seat 2: 16Shagynko16 ($5 in chips) 
Seat 3: CZ_DDavid ($5.04 in chips) 
Seat 4: Dorex2007 ($12.53 in chips) 
Seat 5: bodo282 ($3.49 in chips) 
Seat 6: pelepanjouri ($5 in chips) 
Seat 7: Ginnungagap7 ($2.60 in chips) 
Seat 8: mag8574 ($2 in chips) 
bodo282: posts small blind $0.02
pelepanjouri: posts big blind $0.05
*** HOLE CARDS ***
Dealt to Dorex2007 [5d Td]
Ginnungagap7: folds 
mag8574: folds 
mimarosfil: calls $0.05
16Shagynko16: folds 
CZ_DDavid: folds 
Dorex2007: folds 
bodo282: folds 
pelepanjouri: checks 
*** FLOP *** [Qh Kh 3c]
pelepanjouri: checks 
mimarosfil: bets $0.05
pelepanjouri: folds 
Uncalled bet ($0.05) returned to mimarosfil
mimarosfil collected $0.12 from pot
mimarosfil: doesn't show hand 
*** SUMMARY ***
Total pot $0.12 | Rake $0 
Board [Qh Kh 3c]
Seat 1: mimarosfil collected ($0.12)
Seat 2: 16Shagynko16 folded before Flop (didn't bet)
Seat 3: CZ_DDavid folded before Flop (didn't bet)
Seat 4: Dorex2007 (button) folded before Flop (didn't bet)
Seat 5: bodo282 (small blind) folded before Flop
Seat 6: pelepanjouri (big blind) folded on the Flop
Seat 7: Ginnungagap7 folded before Flop (didn't bet)
Seat 8: mag8574 folded before Flop (didn't bet)



PokerStars Hand #238109393024:  Hold'em No Limit ($0.02/$0.05 USD) - 2022/08/20 10:54:59 PT [2022/08/20 13:54:59 ET]
Table 'Maia IV' 9-max Seat #5 is the button
Seat 1: mimarosfil ($3.76 in chips) 
Seat 2: 16Shagynko16 ($5 in chips) 
Seat 3: CZ_DDavid ($5.04 in chips) 
Seat 4: Dorex2007 ($12.53 in chips) 
Seat 5: bodo282 ($3.47 in chips) 
Seat 6: pelepanjouri ($4.95 in chips) 
Seat 7: Ginnungagap7 ($2.60 in chips) 
Seat 8: mag8574 ($2 in chips) 
pelepanjouri: posts small blind $0.02
Ginnungagap7: posts big blind $0.05
*** HOLE CARDS ***
Dealt to Dorex2007 [7d 4c]
mag8574: folds 
mimarosfil: folds 
16Shagynko16: folds 
CZ_DDavid: folds 
Dorex2007: folds 
bodo282: folds 
pelepanjouri: folds 
Uncalled bet ($0.03) returned to Ginnungagap7
Ginnungagap7 collected $0.04 from pot
Ginnungagap7: doesn't show hand 
*** SUMMARY ***
Total pot $0.04 | Rake $0 
Seat 1: mimarosfil folded before Flop (didn't bet)
Seat 2: 16Shagynko16 folded before Flop (didn't bet)
Seat 3: CZ_DDavid folded before Flop (didn't bet)
Seat 4: Dorex2007 folded before Flop (didn't bet)
Seat 5: bodo282 (button) folded before Flop (didn't bet)
Seat 6: pelepanjouri (small blind) folded before Flop
Seat 7: Ginnungagap7 (big blind) collected ($0.04)
Seat 8: mag8574 folded before Flop (didn't bet)



PokerStars Hand #238109395760:  Hold'em No Limit ($0.02/$0.05 USD) - 2022/08/20 10:55:08 PT [2022/08/20 13:55:08 ET]
Table 'Maia IV' 9-max Seat #6 is the button
Seat 1: mimarosfil ($3.76 in chips) 
Seat 2: 16Shagynko16 ($5 in chips) 
Seat 3: CZ_DDavid ($5.04 in chips) 
Seat 4: Dorex2007 ($12.53 in chips) 
Seat 5: bodo282 ($3.47 in chips) 
Seat 6: pelepanjouri ($4.93 in chips) 
Seat 7: Ginnungagap7 ($2.62 in chips) 
Seat 8: mag8574 ($2 in chips) 
Ginnungagap7: posts small blind $0.02
mag8574: posts big blind $0.05
*** HOLE CARDS ***
Dealt to Dorex2007 [8c Ac]
mimarosfil: folds 
16Shagynko16 has timed out
16Shagynko16: folds 
CZ_DDavid: folds 
Dorex2007: raises $0.10 to $0.15
bodo282: folds 
pelepanjouri: folds 
Ginnungagap7: folds 
mag8574: folds 
Uncalled bet ($0.10) returned to Dorex2007
Dorex2007 collected $0.12 from pot
Dorex2007: doesn't show hand 
*** SUMMARY ***
Total pot $0.12 | Rake $0 
Seat 1: mimarosfil folded before Flop (didn't bet)
Seat 2: 16Shagynko16 folded before Flop (didn't bet)
Seat 3: CZ_DDavid folded before Flop (didn't bet)
Seat 4: Dorex2007 collected ($0.12)
Seat 5: bodo282 folded before Flop (didn't bet)
Seat 6: pelepanjouri (button) folded before Flop (didn't bet)
Seat 7: Ginnungagap7 (small blind) folded before Flop
Seat 8: mag8574 (big blind) folded before Flop



PokerStars Hand #238109400776:  Hold'em No Limit ($0.02/$0.05 USD) - 2022/08/20 10:55:30 PT [2022/08/20 13:55:30 ET]
Table 'Maia IV' 9-max Seat #7 is the button
Seat 1: mimarosfil ($3.76 in chips) 
Seat 2: 16Shagynko16 ($5 in chips) 
Seat 3: CZ_DDavid ($5.04 in chips) 
Seat 4: Dorex2007 ($12.60 in chips) 
Seat 5: bodo282 ($3.47 in chips) 
Seat 6: pelepanjouri ($4.93 in chips) 
Seat 7: Ginnungagap7 ($2.60 in chips) 
Seat 8: mag8574 ($1.95 in chips) 
mag8574: posts small blind $0.02
mimarosfil: posts big blind $0.05
*** HOLE CARDS ***
Dealt to Dorex2007 [Kc Js]
16Shagynko16: folds 
CZ_DDavid: folds 
Dorex2007: raises $0.10 to $0.15
bodo282: calls $0.15
pelepanjouri: folds 
Ginnungagap7: folds 
mag8574: folds 
mimarosfil: folds 
*** FLOP *** [8h Qc Ac]
Dorex2007: checks 
bodo282: bets $0.17
Dorex2007: folds 
Uncalled bet ($0.17) returned to bodo282
bodo282 collected $0.35 from pot
bodo282: doesn't show hand 
*** SUMMARY ***
Total pot $0.37 | Rake $0.02 
Board [8h Qc Ac]
Seat 1: mimarosfil (big blind) folded before Flop
Seat 2: 16Shagynko16 folded before Flop (didn't bet)
Seat 3: CZ_DDavid folded before Flop (didn't bet)
Seat 4: Dorex2007 folded on the Flop
Seat 5: bodo282 collected ($0.35)
Seat 6: pelepanjouri folded before Flop (didn't bet)
Seat 7: Ginnungagap7 (button) folded before Flop (didn't bet)
Seat 8: mag8574 (small blind) folded before Flop



PokerStars Hand #238109407192:  Hold'em No Limit ($0.02/$0.05 USD) - 2022/08/20 10:55:59 PT [2022/08/20 13:55:59 ET]
Table 'Maia IV' 9-max Seat #8 is the button
Seat 1: mimarosfil ($3.71 in chips) 
Seat 2: 16Shagynko16 ($5 in chips) 
Seat 3: CZ_DDavid ($5.04 in chips) 
Seat 4: Dorex2007 ($12.45 in chips) 
Seat 5: bodo282 ($3.67 in chips) 
Seat 6: pelepanjouri ($4.93 in chips) 
Seat 7: Ginnungagap7 ($2.60 in chips) 
Seat 8: mag8574 ($1.93 in chips) 
mimarosfil: posts small blind $0.02
16Shagynko16: posts big blind $0.05
*** HOLE CARDS ***
Dealt to Dorex2007 [Qd Tc]
CZ_DDavid: folds 
Dorex2007: folds 
bodo282: raises $0.05 to $0.10
pelepanjouri: folds 
Ginnungagap7: folds 
mag8574: folds 
mimarosfil: folds 
16Shagynko16: folds 
Uncalled bet ($0.05) returned to bodo282
bodo282 collected $0.12 from pot
bodo282: doesn't show hand 
*** SUMMARY ***
Total pot $0.12 | Rake $0 
Seat 1: mimarosfil (small blind) folded before Flop
Seat 2: 16Shagynko16 (big blind) folded before Flop
Seat 3: CZ_DDavid folded before Flop (didn't bet)
Seat 4: Dorex2007 folded before Flop (didn't bet)
Seat 5: bodo282 collected ($0.12)
Seat 6: pelepanjouri folded before Flop (didn't bet)
Seat 7: Ginnungagap7 folded before Flop (didn't bet)
Seat 8: mag8574 (button) folded before Flop (didn't bet)



PokerStars Hand #238109410232:  Hold'em No Limit ($0.02/$0.05 USD) - 2022/08/20 10:56:12 PT [2022/08/20 13:56:12 ET]
Table 'Maia IV' 9-max Seat #1 is the button
Seat 1: mimarosfil ($3.69 in chips) 
Seat 2: 16Shagynko16 ($5 in chips) 
Seat 3: CZ_DDavid ($5.04 in chips) 
Seat 4: Dorex2007 ($12.45 in chips) 
Seat 5: bodo282 ($3.74 in chips) 
Seat 6: pelepanjouri ($4.93 in chips) 
Seat 7: Ginnungagap7 ($2.60 in chips) 
Seat 8: mag8574 ($1.93 in chips) 
16Shagynko16: posts small blind $0.02
CZ_DDavid: posts big blind $0.05
*** HOLE CARDS ***
Dealt to Dorex2007 [Kd 4d]
Dorex2007: folds 
bodo282: raises $0.05 to $0.10
pelepanjouri: folds 
Ginnungagap7: folds 
mag8574: folds 
mimarosfil: folds 
16Shagynko16: folds 
CZ_DDavid: calls $0.05
*** FLOP *** [Kc Jc 9d]
CZ_DDavid: checks 
bodo282: checks 
*** TURN *** [Kc Jc 9d] [Qs]
CZ_DDavid: checks 
bodo282: bets $0.10
CZ_DDavid: folds 
Uncalled bet ($0.10) returned to bodo282
bodo282 collected $0.21 from pot
bodo282: doesn't show hand 
*** SUMMARY ***
Total pot $0.22 | Rake $0.01 
Board [Kc Jc 9d Qs]
Seat 1: mimarosfil (button) folded before Flop (didn't bet)
Seat 2: 16Shagynko16 (small blind) folded before Flop
Seat 3: CZ_DDavid (big blind) folded on the Turn
Seat 4: Dorex2007 folded before Flop (didn't bet)
Seat 5: bodo282 collected ($0.21)
Seat 6: pelepanjouri folded before Flop (didn't bet)
Seat 7: Ginnungagap7 folded before Flop (didn't bet)
Seat 8: mag8574 folded before Flop (didn't bet)



PokerStars Hand #238109417843:  Hold'em No Limit ($0.02/$0.05 USD) - 2022/08/20 10:56:46 PT [2022/08/20 13:56:46 ET]
Table 'Maia IV' 9-max Seat #2 is the button
Seat 1: mimarosfil ($3.69 in chips) 
Seat 2: 16Shagynko16 ($5 in chips) 
Seat 3: CZ_DDavid ($5 in chips) 
Seat 4: Dorex2007 ($12.45 in chips) 
Seat 5: bodo282 ($3.85 in chips) 
Seat 6: pelepanjouri ($4.93 in chips) 
Seat 7: Ginnungagap7 ($2.60 in chips) 
Seat 8: mag8574 ($1.93 in chips) 
CZ_DDavid: posts small blind $0.02
Dorex2007: posts big blind $0.05
*** HOLE CARDS ***
Dealt to Dorex2007 [3s 2c]
bodo282: raises $0.05 to $0.10
pelepanjouri: folds 
Ginnungagap7: folds 
mag8574: folds 
mimarosfil: raises $0.35 to $0.45
16Shagynko16: folds 
CZ_DDavid: folds 
Dorex2007: folds 
bodo282: calls $0.35
*** FLOP *** [Jd 2s 3d]
bodo282: checks 
mimarosfil: bets $0.60
bodo282: calls $0.60
*** TURN *** [Jd 2s 3d] [Kd]
bodo282: checks 
mimarosfil: checks 
*** RIVER *** [Jd 2s 3d Kd] [7d]
bodo282: bets $2.08
mimarosfil: folds 
Uncalled bet ($2.08) returned to bodo282
bodo282 collected $2.06 from pot
bodo282: doesn't show hand 
*** SUMMARY ***
Total pot $2.17 | Rake $0.11 
Board [Jd 2s 3d Kd 7d]
Seat 1: mimarosfil folded on the River
Seat 2: 16Shagynko16 (button) folded before Flop (didn't bet)
Seat 3: CZ_DDavid (small blind) folded before Flop
Seat 4: Dorex2007 (big blind) folded before Flop
Seat 5: bodo282 collected ($2.06)
Seat 6: pelepanjouri folded before Flop (didn't bet)
Seat 7: Ginnungagap7 folded before Flop (didn't bet)
Seat 8: mag8574 folded before Flop (didn't bet)



PokerStars Hand #238109432777:  Hold'em No Limit ($0.02/$0.05 USD) - 2022/08/20 10:57:52 PT [2022/08/20 13:57:52 ET]
Table 'Maia IV' 9-max Seat #3 is the button
Seat 1: mimarosfil ($2.64 in chips) 
Seat 2: 16Shagynko16 ($5 in chips) 
Seat 3: CZ_DDavid ($5 in chips) 
Seat 4: Dorex2007 ($12.40 in chips) 
Seat 5: bodo282 ($4.86 in chips) 
Seat 6: pelepanjouri ($4.93 in chips) 
Seat 7: Ginnungagap7 ($2.60 in chips) 
Seat 8: mag8574 ($1.93 in chips) 
Dorex2007: posts small blind $0.02
bodo282: posts big blind $0.05
*** HOLE CARDS ***
Dealt to Dorex2007 [6c 7d]
pelepanjouri: folds 
Ginnungagap7: folds 
mag8574: folds 
mimarosfil: calls $0.05
16Shagynko16: folds 
CZ_DDavid: raises $0.15 to $0.20
Dorex2007: folds 
bodo282: calls $0.15
mimarosfil: calls $0.15
*** FLOP *** [7s 7c Ah]
bodo282: checks 
mimarosfil: checks 
CZ_DDavid: bets $0.39
bodo282: folds 
mimarosfil: folds 
Uncalled bet ($0.39) returned to CZ_DDavid
CZ_DDavid collected $0.59 from pot
CZ_DDavid: doesn't show hand 
*** SUMMARY ***
Total pot $0.62 | Rake $0.03 
Board [7s 7c Ah]
Seat 1: mimarosfil folded on the Flop
Seat 2: 16Shagynko16 folded before Flop (didn't bet)
Seat 3: CZ_DDavid (button) collected ($0.59)
Seat 4: Dorex2007 (small blind) folded before Flop
Seat 5: bodo282 (big blind) folded on the Flop
Seat 6: pelepanjouri folded before Flop (didn't bet)
Seat 7: Ginnungagap7 folded before Flop (didn't bet)
Seat 8: mag8574 folded before Flop (didn't bet)



PokerStars Hand #238109440671:  Hold'em No Limit ($0.02/$0.05 USD) - 2022/08/20 10:58:27 PT [2022/08/20 13:58:27 ET]
Table 'Maia IV' 9-max Seat #4 is the button
Seat 1: mimarosfil ($2.44 in chips) 
Seat 2: 16Shagynko16 ($5 in chips) 
Seat 3: CZ_DDavid ($5.39 in chips) 
Seat 4: Dorex2007 ($12.38 in chips) 
Seat 5: bodo282 ($4.66 in chips) 
Seat 6: pelepanjouri ($4.93 in chips) 
Seat 7: Ginnungagap7 ($2.60 in chips) 
Seat 8: mag8574 ($1.93 in chips) 
bodo282: posts small blind $0.02
pelepanjouri: posts big blind $0.05
*** HOLE CARDS ***
Dealt to Dorex2007 [7c Kc]
Ginnungagap7: folds 
mag8574: folds 
mimarosfil: raises $0.05 to $0.10
16Shagynko16: folds 
CZ_DDavid: folds 
Dorex2007: folds 
bodo282: calls $0.08
pelepanjouri: folds 
*** FLOP *** [Kd Jh Qh]
bodo282: bets $0.10
mimarosfil: calls $0.10
*** TURN *** [Kd Jh Qh] [Qc]
bodo282: checks 
mimarosfil: checks 
*** RIVER *** [Kd Jh Qh Qc] [9d]
bodo282: checks 
mimarosfil: bets $0.30
bodo282: folds 
Uncalled bet ($0.30) returned to mimarosfil
mimarosfil collected $0.43 from pot
mimarosfil: doesn't show hand 
*** SUMMARY ***
Total pot $0.45 | Rake $0.02 
Board [Kd Jh Qh Qc 9d]
Seat 1: mimarosfil collected ($0.43)
Seat 2: 16Shagynko16 folded before Flop (didn't bet)
Seat 3: CZ_DDavid folded before Flop (didn't bet)
Seat 4: Dorex2007 (button) folded before Flop (didn't bet)
Seat 5: bodo282 (small blind) folded on the River
Seat 6: pelepanjouri (big blind) folded before Flop
Seat 7: Ginnungagap7 folded before Flop (didn't bet)
Seat 8: mag8574 folded before Flop (didn't bet)



