PokerStars Hand #237428539787:  Hold'em No Limit ($0.02/$0.05 USD) - 2022/07/17 21:00:08 PT [2022/07/18 0:00:08 ET]
Table 'Claudia IV' 9-max Seat #5 is the button
Seat 1: Almanza63 ($7.93 in chips) 
Seat 2: carlos25252525 ($2.16 in chips) 
Seat 4: Dorex2007 ($11.94 in chips) 
Seat 5: vvivv9 ($5.62 in chips) 
Seat 6: boscaratodias ($1.86 in chips) 
Seat 7: Smoky34 ($5 in chips) 
Seat 8: sonictourao ($4.34 in chips) 
Seat 9: HAEMHuk2009 ($6.78 in chips) 
boscaratodias: posts small blind $0.02
Smoky34: posts big blind $0.05
*** HOLE CARDS ***
Dealt to Dorex2007 [6d 8d]
sonictourao: folds 
HAEMHuk2009: folds 
Almanza63: folds 
carlos25252525: folds 
Dorex2007: folds 
vvivv9: folds 
boscaratodias: calls $0.03
Smoky34: checks 
*** FLOP *** [7s 7d Th]
boscaratodias: checks 
Smoky34: checks 
*** TURN *** [7s 7d Th] [9d]
boscaratodias: checks 
Smoky34: bets $0.10
boscaratodias: calls $0.10
*** RIVER *** [7s 7d Th 9d] [2h]
boscaratodias: checks 
Smoky34: checks 
*** SHOW DOWN ***
boscaratodias: shows [Ks 8c] (a pair of Sevens)
Smoky34: shows [Kd 4c] (a pair of Sevens)
boscaratodias collected $0.15 from pot
Smoky34 collected $0.14 from pot
*** SUMMARY ***
Total pot $0.30 | Rake $0.01 
Board [7s 7d Th 9d 2h]
Seat 1: Almanza63 folded before Flop (didn't bet)
Seat 2: carlos25252525 folded before Flop (didn't bet)
Seat 4: Dorex2007 folded before Flop (didn't bet)
Seat 5: vvivv9 (button) folded before Flop (didn't bet)
Seat 6: boscaratodias (small blind) showed [Ks 8c] and won ($0.15) with a pair of Sevens
Seat 7: Smoky34 (big blind) showed [Kd 4c] and won ($0.14) with a pair of Sevens
Seat 8: sonictourao folded before Flop (didn't bet)
Seat 9: HAEMHuk2009 folded before Flop (didn't bet)



PokerStars Hand #237428543708:  Hold'em No Limit ($0.02/$0.05 USD) - 2022/07/17 21:00:42 PT [2022/07/18 0:00:42 ET]
Table 'Claudia IV' 9-max Seat #6 is the button
Seat 1: Almanza63 ($7.93 in chips) 
Seat 2: carlos25252525 ($2.16 in chips) 
Seat 4: Dorex2007 ($11.94 in chips) 
Seat 5: vvivv9 ($5.62 in chips) 
Seat 6: boscaratodias ($1.86 in chips) 
Seat 7: Smoky34 ($4.99 in chips) 
Seat 8: sonictourao ($4.34 in chips) 
Seat 9: HAEMHuk2009 ($6.78 in chips) 
Smoky34: posts small blind $0.02
sonictourao: posts big blind $0.05
*** HOLE CARDS ***
Dealt to Dorex2007 [Qc 7s]
HAEMHuk2009: folds 
Almanza63: folds 
carlos25252525: raises $0.10 to $0.15
Dorex2007: folds 
vvivv9: folds 
boscaratodias: folds 
Smoky34: folds 
sonictourao: folds 
Uncalled bet ($0.10) returned to carlos25252525
carlos25252525 collected $0.12 from pot
*** SUMMARY ***
Total pot $0.12 | Rake $0 
Seat 1: Almanza63 folded before Flop (didn't bet)
Seat 2: carlos25252525 collected ($0.12)
Seat 4: Dorex2007 folded before Flop (didn't bet)
Seat 5: vvivv9 folded before Flop (didn't bet)
Seat 6: boscaratodias (button) folded before Flop (didn't bet)
Seat 7: Smoky34 (small blind) folded before Flop
Seat 8: sonictourao (big blind) folded before Flop
Seat 9: HAEMHuk2009 folded before Flop (didn't bet)



PokerStars Hand #237428546670:  Hold'em No Limit ($0.02/$0.05 USD) - 2022/07/17 21:01:06 PT [2022/07/18 0:01:06 ET]
Table 'Claudia IV' 9-max Seat #7 is the button
Seat 1: Almanza63 ($7.93 in chips) 
Seat 2: carlos25252525 ($2.23 in chips) 
Seat 4: Dorex2007 ($11.94 in chips) 
Seat 5: vvivv9 ($5.62 in chips) 
Seat 6: boscaratodias ($1.86 in chips) 
Seat 7: Smoky34 ($4.97 in chips) 
Seat 8: sonictourao ($4.29 in chips) 
Seat 9: HAEMHuk2009 ($6.78 in chips) 
sonictourao: posts small blind $0.02
HAEMHuk2009: posts big blind $0.05
*** HOLE CARDS ***
Dealt to Dorex2007 [Qc Qd]
Almanza63: folds 
carlos25252525: folds 
Dorex2007: raises $0.05 to $0.10
vvivv9: folds 
boscaratodias: calls $0.10
Smoky34: calls $0.10
sonictourao: folds 
HAEMHuk2009: folds 
*** FLOP *** [Tc 7s 9h]
Dorex2007: bets $0.35
boscaratodias: folds 
Smoky34: calls $0.35
*** TURN *** [Tc 7s 9h] [Ah]
Dorex2007: checks 
Smoky34: bets $0.61
Dorex2007: folds 
Uncalled bet ($0.61) returned to Smoky34
Smoky34 collected $1.03 from pot
*** SUMMARY ***
Total pot $1.07 | Rake $0.04 
Board [Tc 7s 9h Ah]
Seat 1: Almanza63 folded before Flop (didn't bet)
Seat 2: carlos25252525 folded before Flop (didn't bet)
Seat 4: Dorex2007 folded on the Turn
Seat 5: vvivv9 folded before Flop (didn't bet)
Seat 6: boscaratodias folded on the Flop
Seat 7: Smoky34 (button) collected ($1.03)
Seat 8: sonictourao (small blind) folded before Flop
Seat 9: HAEMHuk2009 (big blind) folded before Flop



PokerStars Hand #237428553868:  Hold'em No Limit ($0.02/$0.05 USD) - 2022/07/17 21:02:04 PT [2022/07/18 0:02:04 ET]
Table 'Claudia IV' 9-max Seat #8 is the button
Seat 1: Almanza63 ($7.93 in chips) 
Seat 2: carlos25252525 ($2.23 in chips) 
Seat 4: Dorex2007 ($11.49 in chips) 
Seat 5: vvivv9 ($5.62 in chips) 
Seat 6: boscaratodias ($1.76 in chips) 
Seat 7: Smoky34 ($5.55 in chips) 
Seat 8: sonictourao ($4.27 in chips) 
Seat 9: HAEMHuk2009 ($6.73 in chips) 
HAEMHuk2009: posts small blind $0.02
Almanza63: posts big blind $0.05
*** HOLE CARDS ***
Dealt to Dorex2007 [5s 2s]
carlos25252525: folds 
Dorex2007: folds 
vvivv9: folds 
boscaratodias: folds 
Smoky34: raises $0.10 to $0.15
sonictourao: folds 
HAEMHuk2009: folds 
Almanza63: calls $0.10
*** FLOP *** [8h 8d As]
Almanza63: checks 
Smoky34: checks 
*** TURN *** [8h 8d As] [7h]
Almanza63: checks 
Smoky34: bets $0.15
Almanza63: folds 
Uncalled bet ($0.15) returned to Smoky34
Smoky34 collected $0.31 from pot
*** SUMMARY ***
Total pot $0.32 | Rake $0.01 
Board [8h 8d As 7h]
Seat 1: Almanza63 (big blind) folded on the Turn
Seat 2: carlos25252525 folded before Flop (didn't bet)
Seat 4: Dorex2007 folded before Flop (didn't bet)
Seat 5: vvivv9 folded before Flop (didn't bet)
Seat 6: boscaratodias folded before Flop (didn't bet)
Seat 7: Smoky34 collected ($0.31)
Seat 8: sonictourao (button) folded before Flop (didn't bet)
Seat 9: HAEMHuk2009 (small blind) folded before Flop



PokerStars Hand #237428564367:  Hold'em No Limit ($0.02/$0.05 USD) - 2022/07/17 21:03:28 PT [2022/07/18 0:03:28 ET]
Table 'Claudia IV' 9-max Seat #9 is the button
Seat 1: Almanza63 ($7.78 in chips) 
Seat 2: carlos25252525 ($2.23 in chips) 
Seat 4: Dorex2007 ($11.49 in chips) 
Seat 5: vvivv9 ($5.62 in chips) 
Seat 6: boscaratodias ($1.76 in chips) 
Seat 7: Smoky34 ($5.71 in chips) 
Seat 8: sonictourao ($4.27 in chips) 
Seat 9: HAEMHuk2009 ($6.71 in chips) 
Almanza63: posts small blind $0.02
carlos25252525: posts big blind $0.05
*** HOLE CARDS ***
Dealt to Dorex2007 [6h 8d]
Dorex2007: folds 
vvivv9: calls $0.05
boscaratodias: folds 
Smoky34: raises $0.15 to $0.20
sonictourao: folds 
HAEMHuk2009: folds 
Almanza63: folds 
carlos25252525: folds 
vvivv9: folds 
Uncalled bet ($0.15) returned to Smoky34
Smoky34 collected $0.17 from pot
*** SUMMARY ***
Total pot $0.17 | Rake $0 
Seat 1: Almanza63 (small blind) folded before Flop
Seat 2: carlos25252525 (big blind) folded before Flop
Seat 4: Dorex2007 folded before Flop (didn't bet)
Seat 5: vvivv9 folded before Flop
Seat 6: boscaratodias folded before Flop (didn't bet)
Seat 7: Smoky34 collected ($0.17)
Seat 8: sonictourao folded before Flop (didn't bet)
Seat 9: HAEMHuk2009 (button) folded before Flop (didn't bet)



PokerStars Hand #237428567685:  Hold'em No Limit ($0.02/$0.05 USD) - 2022/07/17 21:03:54 PT [2022/07/18 0:03:54 ET]
Table 'Claudia IV' 9-max Seat #1 is the button
Seat 1: Almanza63 ($7.76 in chips) 
Seat 2: carlos25252525 ($2.18 in chips) 
Seat 4: Dorex2007 ($11.49 in chips) 
Seat 5: vvivv9 ($5.57 in chips) 
Seat 6: boscaratodias ($1.76 in chips) 
Seat 7: Smoky34 ($5.83 in chips) 
Seat 8: sonictourao ($4.27 in chips) 
Seat 9: HAEMHuk2009 ($6.71 in chips) 
carlos25252525: posts small blind $0.02
Dorex2007: posts big blind $0.05
*** HOLE CARDS ***
Dealt to Dorex2007 [3c Qc]
vvivv9: folds 
boscaratodias: calls $0.05
Smoky34: raises $0.15 to $0.20
sonictourao: folds 
HAEMHuk2009: folds 
Almanza63: folds 
carlos25252525: folds 
Dorex2007: folds 
boscaratodias: calls $0.15
*** FLOP *** [4s Ac Tc]
boscaratodias: checks 
Smoky34: bets $0.22
boscaratodias: calls $0.22
*** TURN *** [4s Ac Tc] [7c]
boscaratodias: checks 
Smoky34: checks 
*** RIVER *** [4s Ac Tc 7c] [Ks]
boscaratodias: checks 
Smoky34: bets $0.43
boscaratodias: folds 
Uncalled bet ($0.43) returned to Smoky34
Smoky34 collected $0.87 from pot
*** SUMMARY ***
Total pot $0.91 | Rake $0.04 
Board [4s Ac Tc 7c Ks]
Seat 1: Almanza63 (button) folded before Flop (didn't bet)
Seat 2: carlos25252525 (small blind) folded before Flop
Seat 4: Dorex2007 (big blind) folded before Flop
Seat 5: vvivv9 folded before Flop (didn't bet)
Seat 6: boscaratodias folded on the River
Seat 7: Smoky34 collected ($0.87)
Seat 8: sonictourao folded before Flop (didn't bet)
Seat 9: HAEMHuk2009 folded before Flop (didn't bet)



PokerStars Hand #237428574912:  Hold'em No Limit ($0.02/$0.05 USD) - 2022/07/17 21:04:46 PT [2022/07/18 0:04:46 ET]
Table 'Claudia IV' 9-max Seat #2 is the button
Seat 1: Almanza63 ($7.76 in chips) 
Seat 2: carlos25252525 ($2.16 in chips) 
Seat 4: Dorex2007 ($11.44 in chips) 
Seat 5: vvivv9 ($5.57 in chips) 
Seat 6: boscaratodias ($1.34 in chips) 
Seat 7: Smoky34 ($6.28 in chips) 
Seat 8: sonictourao ($4.27 in chips) 
Seat 9: HAEMHuk2009 ($6.71 in chips) 
Dorex2007: posts small blind $0.02
vvivv9: posts big blind $0.05
*** HOLE CARDS ***
Dealt to Dorex2007 [6c 7s]
boscaratodias: calls $0.05
Smoky34: folds 
sonictourao: folds 
HAEMHuk2009: folds 
Almanza63: folds 
carlos25252525: raises $0.15 to $0.20
Dorex2007: folds 
vvivv9: folds 
boscaratodias: calls $0.15
*** FLOP *** [Ks 8d 2c]
boscaratodias: checks 
carlos25252525: checks 
*** TURN *** [Ks 8d 2c] [3c]
boscaratodias: checks 
carlos25252525: bets $0.22
boscaratodias: calls $0.22
*** RIVER *** [Ks 8d 2c 3c] [6s]
boscaratodias: checks 
carlos25252525: bets $0.43
boscaratodias: folds 
Uncalled bet ($0.43) returned to carlos25252525
carlos25252525 collected $0.87 from pot
*** SUMMARY ***
Total pot $0.91 | Rake $0.04 
Board [Ks 8d 2c 3c 6s]
Seat 1: Almanza63 folded before Flop (didn't bet)
Seat 2: carlos25252525 (button) collected ($0.87)
Seat 4: Dorex2007 (small blind) folded before Flop
Seat 5: vvivv9 (big blind) folded before Flop
Seat 6: boscaratodias folded on the River
Seat 7: Smoky34 folded before Flop (didn't bet)
Seat 8: sonictourao folded before Flop (didn't bet)
Seat 9: HAEMHuk2009 folded before Flop (didn't bet)



PokerStars Hand #237428582255:  Hold'em No Limit ($0.02/$0.05 USD) - 2022/07/17 21:05:46 PT [2022/07/18 0:05:46 ET]
Table 'Claudia IV' 9-max Seat #4 is the button
Seat 1: Almanza63 ($7.76 in chips) 
Seat 2: carlos25252525 ($2.61 in chips) 
Seat 4: Dorex2007 ($11.42 in chips) 
Seat 5: vvivv9 ($5.52 in chips) 
Seat 6: boscaratodias ($0.92 in chips) 
Seat 7: Smoky34 ($6.28 in chips) 
Seat 8: sonictourao ($4.27 in chips) 
Seat 9: HAEMHuk2009 ($6.71 in chips) 
vvivv9: posts small blind $0.02
boscaratodias: posts big blind $0.05
*** HOLE CARDS ***
Dealt to Dorex2007 [2s Jd]
Smoky34: raises $0.10 to $0.15
sonictourao: folds 
HAEMHuk2009: folds 
Almanza63: folds 
carlos25252525: folds 
Dorex2007: folds 
vvivv9: calls $0.13
boscaratodias: calls $0.10
*** FLOP *** [3c 7d 7c]
vvivv9: checks 
boscaratodias: checks 
Smoky34: checks 
*** TURN *** [3c 7d 7c] [Th]
vvivv9: checks 
boscaratodias: checks 
Smoky34: checks 
*** RIVER *** [3c 7d 7c Th] [Td]
vvivv9: checks 
boscaratodias: checks 
Smoky34: checks 
*** SHOW DOWN ***
vvivv9: shows [Ad Qs] (two pair, Tens and Sevens)
boscaratodias: mucks hand 
Smoky34: shows [Qd As] (two pair, Tens and Sevens)
vvivv9 collected $0.22 from pot
Smoky34 collected $0.21 from pot
*** SUMMARY ***
Total pot $0.45 | Rake $0.02 
Board [3c 7d 7c Th Td]
Seat 1: Almanza63 folded before Flop (didn't bet)
Seat 2: carlos25252525 folded before Flop (didn't bet)
Seat 4: Dorex2007 (button) folded before Flop (didn't bet)
Seat 5: vvivv9 (small blind) showed [Ad Qs] and won ($0.22) with two pair, Tens and Sevens
Seat 6: boscaratodias (big blind) mucked [2c 9d]
Seat 7: Smoky34 showed [Qd As] and won ($0.21) with two pair, Tens and Sevens
Seat 8: sonictourao folded before Flop (didn't bet)
Seat 9: HAEMHuk2009 folded before Flop (didn't bet)



PokerStars Hand #237428593769:  Hold'em No Limit ($0.02/$0.05 USD) - 2022/07/17 21:06:52 PT [2022/07/18 0:06:52 ET]
Table 'Claudia IV' 9-max Seat #5 is the button
Seat 1: Almanza63 ($7.76 in chips) 
Seat 2: carlos25252525 ($2.61 in chips) 
Seat 4: Dorex2007 ($11.42 in chips) 
Seat 5: vvivv9 ($5.59 in chips) 
Seat 6: boscaratodias ($0.77 in chips) 
Seat 7: Smoky34 ($6.34 in chips) 
Seat 8: sonictourao ($4.27 in chips) 
Seat 9: HAEMHuk2009 ($6.71 in chips) 
boscaratodias: posts small blind $0.02
Smoky34: posts big blind $0.05
*** HOLE CARDS ***
Dealt to Dorex2007 [3h Qd]
sonictourao: folds 
HAEMHuk2009: folds 
Almanza63: folds 
nartykl joins the table at seat #3 
carlos25252525: raises $0.10 to $0.15
Dorex2007: folds 
vvivv9: folds 
boscaratodias: calls $0.13
Smoky34: folds 
*** FLOP *** [2s 9d 9c]
boscaratodias: checks 
carlos25252525: bets $0.17
boscaratodias: calls $0.17
*** TURN *** [2s 9d 9c] [8d]
boscaratodias: checks 
carlos25252525: bets $0.66
boscaratodias: folds 
Uncalled bet ($0.66) returned to carlos25252525
carlos25252525 collected $0.66 from pot
*** SUMMARY ***
Total pot $0.69 | Rake $0.03 
Board [2s 9d 9c 8d]
Seat 1: Almanza63 folded before Flop (didn't bet)
Seat 2: carlos25252525 collected ($0.66)
Seat 4: Dorex2007 folded before Flop (didn't bet)
Seat 5: vvivv9 (button) folded before Flop (didn't bet)
Seat 6: boscaratodias (small blind) folded on the Turn
Seat 7: Smoky34 (big blind) folded before Flop
Seat 8: sonictourao folded before Flop (didn't bet)
Seat 9: HAEMHuk2009 folded before Flop (didn't bet)



PokerStars Hand #237428600476:  Hold'em No Limit ($0.02/$0.05 USD) - 2022/07/17 21:07:46 PT [2022/07/18 0:07:46 ET]
Table 'Claudia IV' 9-max Seat #6 is the button
Seat 1: Almanza63 ($7.76 in chips) 
Seat 2: carlos25252525 ($2.95 in chips) 
Seat 4: Dorex2007 ($11.42 in chips) 
Seat 5: vvivv9 ($5.59 in chips) 
Seat 6: boscaratodias ($0.45 in chips) 
Seat 7: Smoky34 ($6.29 in chips) 
Seat 8: sonictourao ($4.27 in chips) 
Seat 9: HAEMHuk2009 ($6.71 in chips) 
Smoky34: posts small blind $0.02
sonictourao: posts big blind $0.05
nartykl: sits out 
*** HOLE CARDS ***
Dealt to Dorex2007 [7c Tc]
HAEMHuk2009: folds 
Almanza63: folds 
carlos25252525: raises $0.10 to $0.15
Dorex2007: folds 
vvivv9: folds 
boscaratodias: raises $0.30 to $0.45 and is all-in
Smoky34: folds 
sonictourao: folds 
carlos25252525: calls $0.30
*** FLOP *** [7h 6c 4d]
*** TURN *** [7h 6c 4d] [Js]
*** RIVER *** [7h 6c 4d Js] [Jd]
*** SHOW DOWN ***
carlos25252525: shows [Ac Jh] (three of a kind, Jacks)
boscaratodias: shows [3h 3d] (two pair, Jacks and Threes)
carlos25252525 collected $0.93 from pot
*** SUMMARY ***
Total pot $0.97 | Rake $0.04 
Board [7h 6c 4d Js Jd]
Seat 1: Almanza63 folded before Flop (didn't bet)
Seat 2: carlos25252525 showed [Ac Jh] and won ($0.93) with three of a kind, Jacks
Seat 4: Dorex2007 folded before Flop (didn't bet)
Seat 5: vvivv9 folded before Flop (didn't bet)
Seat 6: boscaratodias (button) showed [3h 3d] and lost with two pair, Jacks and Threes
Seat 7: Smoky34 (small blind) folded before Flop
Seat 8: sonictourao (big blind) folded before Flop
Seat 9: HAEMHuk2009 folded before Flop (didn't bet)



PokerStars Hand #237428605320:  Hold'em No Limit ($0.02/$0.05 USD) - 2022/07/17 21:08:24 PT [2022/07/18 0:08:24 ET]
Table 'Claudia IV' 9-max Seat #7 is the button
Seat 1: Almanza63 ($7.76 in chips) 
Seat 2: carlos25252525 ($3.43 in chips) 
Seat 4: Dorex2007 ($11.42 in chips) 
Seat 5: vvivv9 ($5.59 in chips) 
Seat 7: Smoky34 ($6.27 in chips) 
Seat 8: sonictourao ($4.22 in chips) 
Seat 9: HAEMHuk2009 ($6.71 in chips) 
sonictourao: posts small blind $0.02
HAEMHuk2009: posts big blind $0.05
nartykl: sits out 
*** HOLE CARDS ***
Dealt to Dorex2007 [Qc 9h]
Almanza63: folds 
carlos25252525: folds 
Dorex2007: folds 
vvivv9: raises $0.05 to $0.10
Smoky34: folds 
sonictourao: folds 
HAEMHuk2009: folds 
Uncalled bet ($0.05) returned to vvivv9
vvivv9 collected $0.12 from pot
*** SUMMARY ***
Total pot $0.12 | Rake $0 
Seat 1: Almanza63 folded before Flop (didn't bet)
Seat 2: carlos25252525 folded before Flop (didn't bet)
Seat 4: Dorex2007 folded before Flop (didn't bet)
Seat 5: vvivv9 collected ($0.12)
Seat 7: Smoky34 (button) folded before Flop (didn't bet)
Seat 8: sonictourao (small blind) folded before Flop
Seat 9: HAEMHuk2009 (big blind) folded before Flop



PokerStars Hand #237428608057:  Hold'em No Limit ($0.02/$0.05 USD) - 2022/07/17 21:08:46 PT [2022/07/18 0:08:46 ET]
Table 'Claudia IV' 9-max Seat #8 is the button
Seat 1: Almanza63 ($7.76 in chips) 
Seat 2: carlos25252525 ($3.43 in chips) 
Seat 4: Dorex2007 ($11.42 in chips) 
Seat 5: vvivv9 ($5.66 in chips) 
Seat 6: boscaratodias ($5 in chips) 
Seat 7: Smoky34 ($6.27 in chips) 
Seat 8: sonictourao ($4.20 in chips) 
Seat 9: HAEMHuk2009 ($6.66 in chips) 
HAEMHuk2009: posts small blind $0.02
Almanza63: posts big blind $0.05
nartykl: sits out 
*** HOLE CARDS ***
Dealt to Dorex2007 [5d 6d]
carlos25252525: folds 
Dorex2007: folds 
vvivv9: folds 
boscaratodias: folds 
Smoky34 has timed out
Smoky34: folds 
sonictourao: folds 
HAEMHuk2009: raises $0.07 to $0.12
Almanza63: calls $0.07
*** FLOP *** [7d Td Kc]
HAEMHuk2009: bets $0.15
Almanza63: folds 
Uncalled bet ($0.15) returned to HAEMHuk2009
HAEMHuk2009 collected $0.23 from pot
*** SUMMARY ***
Total pot $0.24 | Rake $0.01 
Board [7d Td Kc]
Seat 1: Almanza63 (big blind) folded on the Flop
Seat 2: carlos25252525 folded before Flop (didn't bet)
Seat 4: Dorex2007 folded before Flop (didn't bet)
Seat 5: vvivv9 folded before Flop (didn't bet)
Seat 6: boscaratodias folded before Flop (didn't bet)
Seat 7: Smoky34 folded before Flop (didn't bet)
Seat 8: sonictourao (button) folded before Flop (didn't bet)
Seat 9: HAEMHuk2009 (small blind) collected ($0.23)



PokerStars Hand #237428614515:  Hold'em No Limit ($0.02/$0.05 USD) - 2022/07/17 21:09:39 PT [2022/07/18 0:09:39 ET]
Table 'Claudia IV' 9-max Seat #9 is the button
Seat 1: Almanza63 ($7.64 in chips) 
Seat 2: carlos25252525 ($3.43 in chips) 
Seat 4: Dorex2007 ($11.42 in chips) 
Seat 5: vvivv9 ($5.66 in chips) 
Seat 6: boscaratodias ($5 in chips) 
Seat 7: Smoky34 ($6.27 in chips) 
Seat 8: sonictourao ($4.20 in chips) 
Seat 9: HAEMHuk2009 ($6.77 in chips) 
Almanza63: posts small blind $0.02
carlos25252525: posts big blind $0.05
nartykl: sits out 
*** HOLE CARDS ***
Dealt to Dorex2007 [6s 3c]
Dorex2007: folds 
vvivv9: calls $0.05
boscaratodias: raises $0.10 to $0.15
Smoky34: folds 
sonictourao: folds 
HAEMHuk2009: folds 
Almanza63: folds 
carlos25252525: raises $0.37 to $0.52
vvivv9: folds 
boscaratodias: calls $0.37
*** FLOP *** [As 3h 4d]
carlos25252525: bets $0.05
boscaratodias: calls $0.05
*** TURN *** [As 3h 4d] [Qh]
carlos25252525: bets $0.05
boscaratodias: calls $0.05
*** RIVER *** [As 3h 4d Qh] [9s]
carlos25252525: checks 
boscaratodias: checks 
*** SHOW DOWN ***
carlos25252525: shows [Tc Th] (a pair of Tens)
boscaratodias: mucks hand 
carlos25252525 collected $1.26 from pot
*** SUMMARY ***
Total pot $1.31 | Rake $0.05 
Board [As 3h 4d Qh 9s]
Seat 1: Almanza63 (small blind) folded before Flop
Seat 2: carlos25252525 (big blind) showed [Tc Th] and won ($1.26) with a pair of Tens
Seat 4: Dorex2007 folded before Flop (didn't bet)
Seat 5: vvivv9 folded before Flop
Seat 6: boscaratodias mucked [5s Ks]
Seat 7: Smoky34 folded before Flop (didn't bet)
Seat 8: sonictourao folded before Flop (didn't bet)
Seat 9: HAEMHuk2009 (button) folded before Flop (didn't bet)



PokerStars Hand #237428620623:  Hold'em No Limit ($0.02/$0.05 USD) - 2022/07/17 21:10:28 PT [2022/07/18 0:10:28 ET]
Table 'Claudia IV' 9-max Seat #1 is the button
Seat 1: Almanza63 ($7.62 in chips) 
Seat 2: carlos25252525 ($4.07 in chips) 
Seat 3: nartykl ($6.15 in chips) 
Seat 4: Dorex2007 ($11.42 in chips) 
Seat 5: vvivv9 ($5.61 in chips) 
Seat 6: boscaratodias ($4.38 in chips) 
Seat 7: Smoky34 ($6.27 in chips) 
Seat 8: sonictourao ($4.20 in chips) 
Seat 9: HAEMHuk2009 ($6.77 in chips) 
carlos25252525: posts small blind $0.02
nartykl: posts big blind $0.05
*** HOLE CARDS ***
Dealt to Dorex2007 [6d 8d]
Dorex2007 has timed out
Dorex2007: folds 
vvivv9: folds 
boscaratodias: calls $0.05
Smoky34: folds 
sonictourao: calls $0.05
HAEMHuk2009: folds 
Almanza63: folds 
carlos25252525: folds 
nartykl: checks 
*** FLOP *** [6s 5c 4h]
carlos25252525 leaves the table
nartykl: checks 
boscaratodias: checks 
sonictourao: checks 
*** TURN *** [6s 5c 4h] [5h]
nartykl: checks 
boscaratodias: checks 
sonictourao: checks 
*** RIVER *** [6s 5c 4h 5h] [7h]
nartykl: bets $0.10
boscaratodias: folds 
sonictourao: calls $0.10
*** SHOW DOWN ***
nartykl: shows [8c 6h] (a straight, Four to Eight)
sonictourao: mucks hand 
nartykl collected $0.35 from pot
*** SUMMARY ***
Total pot $0.37 | Rake $0.02 
Board [6s 5c 4h 5h 7h]
Seat 1: Almanza63 (button) folded before Flop (didn't bet)
Seat 2: carlos25252525 (small blind) folded before Flop
Seat 3: nartykl (big blind) showed [8c 6h] and won ($0.35) with a straight, Four to Eight
Seat 4: Dorex2007 folded before Flop (didn't bet)
Seat 5: vvivv9 folded before Flop (didn't bet)
Seat 6: boscaratodias folded on the River
Seat 7: Smoky34 folded before Flop (didn't bet)
Seat 8: sonictourao mucked [As 3d]
Seat 9: HAEMHuk2009 folded before Flop (didn't bet)



PokerStars Hand #237428632718:  Hold'em No Limit ($0.02/$0.05 USD) - 2022/07/17 21:11:52 PT [2022/07/18 0:11:52 ET]
Table 'Claudia IV' 9-max Seat #3 is the button
Seat 1: Almanza63 ($7.62 in chips) 
Seat 3: nartykl ($6.35 in chips) 
Seat 4: Dorex2007 ($11.42 in chips) 
Seat 5: vvivv9 ($5.61 in chips) 
Seat 6: boscaratodias ($4.33 in chips) 
Seat 7: Smoky34 ($6.27 in chips) 
Seat 8: sonictourao ($4.05 in chips) 
Seat 9: HAEMHuk2009 ($6.77 in chips) 
Dorex2007: posts small blind $0.02
vvivv9: posts big blind $0.05
*** HOLE CARDS ***
Dealt to Dorex2007 [Ts Kd]
boscaratodias: calls $0.05
Smoky34: folds 
sonictourao: folds 
HAEMHuk2009: folds 
Almanza63: folds 
nartykl: folds 
Dorex2007: folds 
vvivv9: checks 
*** FLOP *** [Td Ad 8d]
vvivv9: checks 
boscaratodias: checks 
*** TURN *** [Td Ad 8d] [Jd]
vvivv9: checks 
boscaratodias: checks 
*** RIVER *** [Td Ad 8d Jd] [7h]
vvivv9: checks 
boscaratodias: checks 
*** SHOW DOWN ***
vvivv9: shows [Qc 9s] (a straight, Eight to Queen)
boscaratodias: mucks hand 
vvivv9 collected $0.12 from pot
*** SUMMARY ***
Total pot $0.12 | Rake $0 
Board [Td Ad 8d Jd 7h]
Seat 1: Almanza63 folded before Flop (didn't bet)
Seat 3: nartykl (button) folded before Flop (didn't bet)
Seat 4: Dorex2007 (small blind) folded before Flop
Seat 5: vvivv9 (big blind) showed [Qc 9s] and won ($0.12) with a straight, Eight to Queen
Seat 6: boscaratodias mucked [Kh 7s]
Seat 7: Smoky34 folded before Flop (didn't bet)
Seat 8: sonictourao folded before Flop (didn't bet)
Seat 9: HAEMHuk2009 folded before Flop (didn't bet)



PokerStars Hand #237428638395:  Hold'em No Limit ($0.02/$0.05 USD) - 2022/07/17 21:12:39 PT [2022/07/18 0:12:39 ET]
Table 'Claudia IV' 9-max Seat #4 is the button
Seat 1: Almanza63 ($7.62 in chips) 
Seat 3: nartykl ($6.35 in chips) 
Seat 4: Dorex2007 ($11.40 in chips) 
Seat 5: vvivv9 ($5.68 in chips) 
Seat 6: boscaratodias ($4.28 in chips) 
Seat 7: Smoky34 ($6.27 in chips) 
Seat 8: sonictourao ($4.05 in chips) 
Seat 9: HAEMHuk2009 ($6.77 in chips) 
vvivv9: posts small blind $0.02
boscaratodias: posts big blind $0.05
*** HOLE CARDS ***
Dealt to Dorex2007 [7h As]
Smoky34: raises $0.10 to $0.15
sonictourao: folds 
HAEMHuk2009: folds 
shakadevirgo90 joins the table at seat #2 
Almanza63: raises $0.34 to $0.49
nartykl: folds 
Dorex2007: folds 
vvivv9: folds 
boscaratodias: calls $0.44
Smoky34: folds 
*** FLOP *** [2h Qh Ac]
boscaratodias: checks 
Almanza63: bets $0.51
boscaratodias: calls $0.51
*** TURN *** [2h Qh Ac] [3h]
boscaratodias: checks 
Almanza63: checks 
*** RIVER *** [2h Qh Ac 3h] [4d]
boscaratodias: checks 
Almanza63: checks 
*** SHOW DOWN ***
boscaratodias: shows [Kc Ts] (high card Ace)
Almanza63: shows [9c 9d] (a pair of Nines)
Almanza63 collected $2.08 from pot
*** SUMMARY ***
Total pot $2.17 | Rake $0.09 
Board [2h Qh Ac 3h 4d]
Seat 1: Almanza63 showed [9c 9d] and won ($2.08) with a pair of Nines
Seat 3: nartykl folded before Flop (didn't bet)
Seat 4: Dorex2007 (button) folded before Flop (didn't bet)
Seat 5: vvivv9 (small blind) folded before Flop
Seat 6: boscaratodias (big blind) showed [Kc Ts] and lost with high card Ace
Seat 7: Smoky34 folded before Flop
Seat 8: sonictourao folded before Flop (didn't bet)
Seat 9: HAEMHuk2009 folded before Flop (didn't bet)



PokerStars Hand #237428646279:  Hold'em No Limit ($0.02/$0.05 USD) - 2022/07/17 21:13:43 PT [2022/07/18 0:13:43 ET]
Table 'Claudia IV' 9-max Seat #5 is the button
Seat 1: Almanza63 ($8.70 in chips) 
Seat 2: shakadevirgo90 ($4 in chips) 
Seat 3: nartykl ($6.35 in chips) 
Seat 4: Dorex2007 ($11.40 in chips) 
Seat 5: vvivv9 ($5.66 in chips) 
Seat 6: boscaratodias ($3.28 in chips) 
Seat 7: Smoky34 ($6.12 in chips) 
Seat 8: sonictourao ($4.05 in chips) 
Seat 9: HAEMHuk2009 ($6.77 in chips) 
boscaratodias: posts small blind $0.02
Smoky34: posts big blind $0.05
shakadevirgo90: posts big blind $0.05
*** HOLE CARDS ***
Dealt to Dorex2007 [5c 4h]
sonictourao: folds 
HAEMHuk2009: folds 
Almanza63: raises $0.16 to $0.21
shakadevirgo90: folds 
nartykl: folds 
Dorex2007: folds 
vvivv9: calls $0.21
boscaratodias: calls $0.19
Smoky34: calls $0.16
*** FLOP *** [Js 3s 7d]
boscaratodias: checks 
Smoky34: checks 
Almanza63: bets $0.32
vvivv9: folds 
boscaratodias: folds 
Smoky34: calls $0.32
*** TURN *** [Js 3s 7d] [5h]
Smoky34: checks 
Almanza63: bets $0.93
Smoky34: calls $0.93
*** RIVER *** [Js 3s 7d 5h] [Jh]
Smoky34: bets $1.82
Almanza63: folds 
Uncalled bet ($1.82) returned to Smoky34
Smoky34 collected $3.25 from pot
*** SUMMARY ***
Total pot $3.39 | Rake $0.14 
Board [Js 3s 7d 5h Jh]
Seat 1: Almanza63 folded on the River
Seat 2: shakadevirgo90 folded before Flop (didn't bet)
Seat 3: nartykl folded before Flop (didn't bet)
Seat 4: Dorex2007 folded before Flop (didn't bet)
Seat 5: vvivv9 (button) folded on the Flop
Seat 6: boscaratodias (small blind) folded on the Flop
Seat 7: Smoky34 (big blind) collected ($3.25)
Seat 8: sonictourao folded before Flop (didn't bet)
Seat 9: HAEMHuk2009 folded before Flop (didn't bet)



PokerStars Hand #237428659743:  Hold'em No Limit ($0.02/$0.05 USD) - 2022/07/17 21:15:30 PT [2022/07/18 0:15:30 ET]
Table 'Claudia IV' 9-max Seat #6 is the button
Seat 1: Almanza63 ($7.24 in chips) 
Seat 2: shakadevirgo90 ($3.95 in chips) 
Seat 3: nartykl ($6.35 in chips) 
Seat 4: Dorex2007 ($11.40 in chips) 
Seat 5: vvivv9 ($5.45 in chips) 
Seat 6: boscaratodias ($3.07 in chips) 
Seat 8: sonictourao ($4.05 in chips) 
Seat 9: HAEMHuk2009 ($6.77 in chips) 
sonictourao: posts small blind $0.02
HAEMHuk2009: posts big blind $0.05
*** HOLE CARDS ***
Dealt to Dorex2007 [2d 3h]
Almanza63: folds 
shakadevirgo90: folds 
Smoky34 leaves the table
nartykl: folds 
Dorex2007: folds 
vvivv9: folds 
boscaratodias: calls $0.05
sonictourao: calls $0.03
HAEMHuk2009: checks 
*** FLOP *** [7d Jh As]
sonictourao: checks 
HAEMHuk2009: checks 
boscaratodias: checks 
*** TURN *** [7d Jh As] [9s]
sonictourao: checks 
HAEMHuk2009: checks 
boscaratodias: checks 
*** RIVER *** [7d Jh As 9s] [4s]
sonictourao: checks 
HAEMHuk2009: checks 
boscaratodias: checks 
*** SHOW DOWN ***
sonictourao: shows [Qh 7h] (a pair of Sevens)
HAEMHuk2009: mucks hand 
boscaratodias: mucks hand 
sonictourao collected $0.14 from pot
*** SUMMARY ***
Total pot $0.15 | Rake $0.01 
Board [7d Jh As 9s 4s]
Seat 1: Almanza63 folded before Flop (didn't bet)
Seat 2: shakadevirgo90 folded before Flop (didn't bet)
Seat 3: nartykl folded before Flop (didn't bet)
Seat 4: Dorex2007 folded before Flop (didn't bet)
Seat 5: vvivv9 folded before Flop (didn't bet)
Seat 6: boscaratodias (button) mucked [4d 5c]
Seat 8: sonictourao (small blind) showed [Qh 7h] and won ($0.14) with a pair of Sevens
Seat 9: HAEMHuk2009 (big blind) mucked [6h Kc]



PokerStars Hand #237428665328:  Hold'em No Limit ($0.02/$0.05 USD) - 2022/07/17 21:16:15 PT [2022/07/18 0:16:15 ET]
Table 'Claudia IV' 9-max Seat #8 is the button
Seat 1: Almanza63 ($7.24 in chips) 
Seat 2: shakadevirgo90 ($3.95 in chips) 
Seat 3: nartykl ($6.35 in chips) 
Seat 4: Dorex2007 ($11.40 in chips) 
Seat 5: vvivv9 ($5.45 in chips) 
Seat 6: boscaratodias ($3.02 in chips) 
Seat 8: sonictourao ($4.14 in chips) 
Seat 9: HAEMHuk2009 ($6.72 in chips) 
HAEMHuk2009: posts small blind $0.02
Almanza63: posts big blind $0.05
*** HOLE CARDS ***
Dealt to Dorex2007 [Qd 5c]
shakadevirgo90: raises $0.05 to $0.10
nartykl: folds 
Dorex2007: folds 
acegy joins the table at seat #7 
vvivv9 has timed out
vvivv9: folds 
boscaratodias: folds 
sonictourao: folds 
HAEMHuk2009: folds 
Almanza63: calls $0.05
*** FLOP *** [Th 8c 9d]
Almanza63: checks 
shakadevirgo90: bets $0.10
Almanza63: folds 
Uncalled bet ($0.10) returned to shakadevirgo90
shakadevirgo90 collected $0.21 from pot
*** SUMMARY ***
Total pot $0.22 | Rake $0.01 
Board [Th 8c 9d]
Seat 1: Almanza63 (big blind) folded on the Flop
Seat 2: shakadevirgo90 collected ($0.21)
Seat 3: nartykl folded before Flop (didn't bet)
Seat 4: Dorex2007 folded before Flop (didn't bet)
Seat 5: vvivv9 folded before Flop (didn't bet)
Seat 6: boscaratodias folded before Flop (didn't bet)
Seat 8: sonictourao (button) folded before Flop (didn't bet)
Seat 9: HAEMHuk2009 (small blind) folded before Flop



PokerStars Hand #237428672341:  Hold'em No Limit ($0.02/$0.05 USD) - 2022/07/17 21:17:12 PT [2022/07/18 0:17:12 ET]
Table 'Claudia IV' 9-max Seat #9 is the button
Seat 1: Almanza63 ($7.14 in chips) 
Seat 2: shakadevirgo90 ($4.06 in chips) 
Seat 3: nartykl ($6.35 in chips) 
Seat 4: Dorex2007 ($11.40 in chips) 
Seat 5: vvivv9 ($5.45 in chips) 
Seat 6: boscaratodias ($3.02 in chips) 
Seat 8: sonictourao ($4.14 in chips) 
Seat 9: HAEMHuk2009 ($6.70 in chips) 
Almanza63: posts small blind $0.02
shakadevirgo90: posts big blind $0.05
acegy: sits out 
*** HOLE CARDS ***
Dealt to Dorex2007 [Js 8d]
nartykl: raises $0.07 to $0.12
Dorex2007: folds 
vvivv9: folds 
boscaratodias: folds 
sonictourao: calls $0.12
HAEMHuk2009: folds 
Almanza63: folds 
shakadevirgo90: calls $0.07
*** FLOP *** [7h Ks Kh]
shakadevirgo90: checks 
nartykl: bets $0.10
sonictourao: folds 
shakadevirgo90: calls $0.10
*** TURN *** [7h Ks Kh] [Th]
shakadevirgo90: checks 
nartykl: checks 
*** RIVER *** [7h Ks Kh Th] [3s]
shakadevirgo90: bets $0.40
nartykl: folds 
Uncalled bet ($0.40) returned to shakadevirgo90
shakadevirgo90 collected $0.56 from pot
*** SUMMARY ***
Total pot $0.58 | Rake $0.02 
Board [7h Ks Kh Th 3s]
Seat 1: Almanza63 (small blind) folded before Flop
Seat 2: shakadevirgo90 (big blind) collected ($0.56)
Seat 3: nartykl folded on the River
Seat 4: Dorex2007 folded before Flop (didn't bet)
Seat 5: vvivv9 folded before Flop (didn't bet)
Seat 6: boscaratodias folded before Flop (didn't bet)
Seat 8: sonictourao folded on the Flop
Seat 9: HAEMHuk2009 (button) folded before Flop (didn't bet)



PokerStars Hand #237428680726:  Hold'em No Limit ($0.02/$0.05 USD) - 2022/07/17 21:18:20 PT [2022/07/18 0:18:20 ET]
Table 'Claudia IV' 9-max Seat #1 is the button
Seat 1: Almanza63 ($7.12 in chips) 
Seat 2: shakadevirgo90 ($4.40 in chips) 
Seat 3: nartykl ($6.13 in chips) 
Seat 4: Dorex2007 ($11.40 in chips) 
Seat 5: vvivv9 ($5.45 in chips) 
Seat 6: boscaratodias ($3.02 in chips) 
Seat 7: acegy ($5 in chips) 
Seat 8: sonictourao ($4.02 in chips) 
Seat 9: HAEMHuk2009 ($6.70 in chips) 
shakadevirgo90: posts small blind $0.02
nartykl: posts big blind $0.05
acegy: posts big blind $0.05
*** HOLE CARDS ***
Dealt to Dorex2007 [Th 7d]
Dorex2007: folds 
vvivv9: calls $0.05
boscaratodias: calls $0.05
acegy: checks 
sonictourao: folds 
HAEMHuk2009: folds 
Almanza63: folds 
shakadevirgo90: folds 
nartykl: checks 
*** FLOP *** [9c 8c Kd]
nartykl: checks 
vvivv9: bets $0.10
boscaratodias: calls $0.10
acegy: calls $0.10
nartykl: folds 
*** TURN *** [9c 8c Kd] [Ts]
vvivv9: checks 
boscaratodias: checks 
acegy: checks 
*** RIVER *** [9c 8c Kd Ts] [5d]
vvivv9: bets $0.15
boscaratodias: folds 
acegy: folds 
Uncalled bet ($0.15) returned to vvivv9
vvivv9 collected $0.50 from pot
*** SUMMARY ***
Total pot $0.52 | Rake $0.02 
Board [9c 8c Kd Ts 5d]
Seat 1: Almanza63 (button) folded before Flop (didn't bet)
Seat 2: shakadevirgo90 (small blind) folded before Flop
Seat 3: nartykl (big blind) folded on the Flop
Seat 4: Dorex2007 folded before Flop (didn't bet)
Seat 5: vvivv9 collected ($0.50)
Seat 6: boscaratodias folded on the River
Seat 7: acegy folded on the River
Seat 8: sonictourao folded before Flop (didn't bet)
Seat 9: HAEMHuk2009 folded before Flop (didn't bet)



PokerStars Hand #237428690115:  Hold'em No Limit ($0.02/$0.05 USD) - 2022/07/17 21:19:35 PT [2022/07/18 0:19:35 ET]
Table 'Claudia IV' 9-max Seat #2 is the button
Seat 1: Almanza63 ($7.12 in chips) 
Seat 2: shakadevirgo90 ($4.38 in chips) 
Seat 3: nartykl ($6.08 in chips) 
Seat 4: Dorex2007 ($11.40 in chips) 
Seat 5: vvivv9 ($5.80 in chips) 
Seat 6: boscaratodias ($2.87 in chips) 
Seat 7: acegy ($4.85 in chips) 
Seat 8: sonictourao ($4.02 in chips) 
Seat 9: HAEMHuk2009 ($6.70 in chips) 
nartykl: posts small blind $0.02
Dorex2007: posts big blind $0.05
*** HOLE CARDS ***
Dealt to Dorex2007 [9d 6c]
vvivv9 has timed out
vvivv9: folds 
boscaratodias: calls $0.05
acegy: raises $0.30 to $0.35
sonictourao: folds 
HAEMHuk2009: folds 
Almanza63: calls $0.35
shakadevirgo90: folds 
nartykl: calls $0.33
Dorex2007: folds 
boscaratodias: calls $0.30
*** FLOP *** [8d Tc 4d]
nartykl: checks 
vvivv9 leaves the table
boscaratodias: checks 
acegy: bets $0.55
Almanza63: folds 
nartykl: folds 
boscaratodias: calls $0.55
*** TURN *** [8d Tc 4d] [7h]
boscaratodias: checks 
acegy: checks 
*** RIVER *** [8d Tc 4d 7h] [6h]
boscaratodias: checks 
acegy: checks 
*** SHOW DOWN ***
boscaratodias: shows [6d 3d] (a pair of Sixes)
acegy: shows [Js Jc] (a pair of Jacks)
acegy collected $2.41 from pot
*** SUMMARY ***
Total pot $2.55 | Rake $0.14 
Board [8d Tc 4d 7h 6h]
Seat 1: Almanza63 folded on the Flop
Seat 2: shakadevirgo90 (button) folded before Flop (didn't bet)
Seat 3: nartykl (small blind) folded on the Flop
Seat 4: Dorex2007 (big blind) folded before Flop
Seat 5: vvivv9 folded before Flop (didn't bet)
Seat 6: boscaratodias showed [6d 3d] and lost with a pair of Sixes
Seat 7: acegy showed [Js Jc] and won ($2.41) with a pair of Jacks
Seat 8: sonictourao folded before Flop (didn't bet)
Seat 9: HAEMHuk2009 folded before Flop (didn't bet)



PokerStars Hand #237428704895:  Hold'em No Limit ($0.02/$0.05 USD) - 2022/07/17 21:20:42 PT [2022/07/18 0:20:42 ET]
Table 'Claudia IV' 9-max Seat #3 is the button
Seat 1: Almanza63 ($6.77 in chips) 
Seat 2: shakadevirgo90 ($4.38 in chips) 
Seat 3: nartykl ($5.73 in chips) 
Seat 4: Dorex2007 ($11.35 in chips) 
Seat 6: boscaratodias ($1.97 in chips) 
Seat 7: acegy ($6.36 in chips) 
Seat 8: sonictourao ($4.02 in chips) 
Seat 9: HAEMHuk2009 ($6.70 in chips) 
Dorex2007: posts small blind $0.02
boscaratodias: posts big blind $0.05
*** HOLE CARDS ***
Dealt to Dorex2007 [Qd 5c]
acegy: folds 
sonictourao: folds 
HAEMHuk2009: folds 
Almanza63: folds 
shakadevirgo90: raises $0.05 to $0.10
nartykl: folds 
Dorex2007: folds 
boscaratodias: calls $0.05
*** FLOP *** [Qc 5d Js]
boscaratodias: checks 
shakadevirgo90: bets $0.10
boscaratodias: calls $0.10
*** TURN *** [Qc 5d Js] [5h]
boscaratodias: checks 
shakadevirgo90: checks 
*** RIVER *** [Qc 5d Js 5h] [9h]
boscaratodias: checks 
shakadevirgo90: checks 
*** SHOW DOWN ***
boscaratodias: shows [3s 4d] (a pair of Fives)
shakadevirgo90: shows [6s 6d] (two pair, Sixes and Fives)
shakadevirgo90 collected $0.40 from pot
*** SUMMARY ***
Total pot $0.42 | Rake $0.02 
Board [Qc 5d Js 5h 9h]
Seat 1: Almanza63 folded before Flop (didn't bet)
Seat 2: shakadevirgo90 showed [6s 6d] and won ($0.40) with two pair, Sixes and Fives
Seat 3: nartykl (button) folded before Flop (didn't bet)
Seat 4: Dorex2007 (small blind) folded before Flop
Seat 6: boscaratodias (big blind) showed [3s 4d] and lost with a pair of Fives
Seat 7: acegy folded before Flop (didn't bet)
Seat 8: sonictourao folded before Flop (didn't bet)
Seat 9: HAEMHuk2009 folded before Flop (didn't bet)



PokerStars Hand #237428708860:  Hold'em No Limit ($0.02/$0.05 USD) - 2022/07/17 21:21:14 PT [2022/07/18 0:21:14 ET]
Table 'Claudia IV' 9-max Seat #4 is the button
Seat 1: Almanza63 ($6.77 in chips) 
Seat 2: shakadevirgo90 ($4.58 in chips) 
Seat 3: nartykl ($5.73 in chips) 
Seat 4: Dorex2007 ($11.33 in chips) 
Seat 6: boscaratodias ($1.77 in chips) 
Seat 7: acegy ($6.36 in chips) 
Seat 8: sonictourao ($4.02 in chips) 
Seat 9: HAEMHuk2009 ($6.70 in chips) 
boscaratodias: posts small blind $0.02
acegy: posts big blind $0.05
*** HOLE CARDS ***
Dealt to Dorex2007 [Jc 2d]
sonictourao: folds 
HAEMHuk2009: folds 
Almanza63: raises $0.10 to $0.15
shakadevirgo90: folds 
nartykl: folds 
CC7A joins the table at seat #5 
Dorex2007: folds 
boscaratodias: calls $0.13
acegy: folds 
*** FLOP *** [9h Jh 7h]
boscaratodias: checks 
Almanza63: checks 
*** TURN *** [9h Jh 7h] [Ac]
boscaratodias: checks 
Almanza63: bets $0.15
boscaratodias: raises $0.64 to $0.79
Almanza63: folds 
Uncalled bet ($0.64) returned to boscaratodias
boscaratodias collected $0.62 from pot
*** SUMMARY ***
Total pot $0.65 | Rake $0.03 
Board [9h Jh 7h Ac]
Seat 1: Almanza63 folded on the Turn
Seat 2: shakadevirgo90 folded before Flop (didn't bet)
Seat 3: nartykl folded before Flop (didn't bet)
Seat 4: Dorex2007 (button) folded before Flop (didn't bet)
Seat 6: boscaratodias (small blind) collected ($0.62)
Seat 7: acegy (big blind) folded before Flop
Seat 8: sonictourao folded before Flop (didn't bet)
Seat 9: HAEMHuk2009 folded before Flop (didn't bet)



PokerStars Hand #237428722025:  Hold'em No Limit ($0.02/$0.05 USD) - 2022/07/17 21:22:00 PT [2022/07/18 0:22:00 ET]
Table 'Claudia IV' 9-max Seat #6 is the button
Seat 1: Almanza63 ($6.47 in chips) 
Seat 2: shakadevirgo90 ($4.58 in chips) 
Seat 3: nartykl ($5.73 in chips) 
Seat 4: Dorex2007 ($11.33 in chips) 
Seat 5: CC7A ($5 in chips) 
Seat 6: boscaratodias ($2.09 in chips) 
Seat 7: acegy ($6.31 in chips) 
Seat 8: sonictourao ($4.02 in chips) 
Seat 9: HAEMHuk2009 ($6.70 in chips) 
acegy: posts small blind $0.02
sonictourao: posts big blind $0.05
CC7A: posts big blind $0.05
*** HOLE CARDS ***
Dealt to Dorex2007 [Qh 9s]
HAEMHuk2009: folds 
Almanza63: folds 
shakadevirgo90: raises $0.05 to $0.10
nartykl: folds 
Dorex2007: folds 
CC7A: calls $0.05
boscaratodias: calls $0.10
acegy: folds 
sonictourao: folds 
*** FLOP *** [Qs 3d Jd]
shakadevirgo90: checks 
CC7A: checks 
boscaratodias: checks 
*** TURN *** [Qs 3d Jd] [7h]
shakadevirgo90: checks 
CC7A: bets $0.17
boscaratodias: folds 
shakadevirgo90: calls $0.17
*** RIVER *** [Qs 3d Jd 7h] [2s]
shakadevirgo90: checks 
CC7A: checks 
*** SHOW DOWN ***
shakadevirgo90: shows [4d 4c] (a pair of Fours)
CC7A: shows [8s 7s] (a pair of Sevens)
CC7A collected $0.68 from pot
*** SUMMARY ***
Total pot $0.71 | Rake $0.03 
Board [Qs 3d Jd 7h 2s]
Seat 1: Almanza63 folded before Flop (didn't bet)
Seat 2: shakadevirgo90 showed [4d 4c] and lost with a pair of Fours
Seat 3: nartykl folded before Flop (didn't bet)
Seat 4: Dorex2007 folded before Flop (didn't bet)
Seat 5: CC7A showed [8s 7s] and won ($0.68) with a pair of Sevens
Seat 6: boscaratodias (button) folded on the Turn
Seat 7: acegy (small blind) folded before Flop
Seat 8: sonictourao (big blind) folded before Flop
Seat 9: HAEMHuk2009 folded before Flop (didn't bet)



PokerStars Hand #237428728131:  Hold'em No Limit ($0.02/$0.05 USD) - 2022/07/17 21:22:49 PT [2022/07/18 0:22:49 ET]
Table 'Claudia IV' 9-max Seat #7 is the button
Seat 1: Almanza63 ($6.47 in chips) 
Seat 2: shakadevirgo90 ($4.31 in chips) 
Seat 3: nartykl ($5.73 in chips) 
Seat 4: Dorex2007 ($11.33 in chips) 
Seat 5: CC7A ($5.41 in chips) 
Seat 6: boscaratodias ($1.99 in chips) 
Seat 7: acegy ($6.29 in chips) 
Seat 8: sonictourao ($3.97 in chips) 
Seat 9: HAEMHuk2009 ($6.70 in chips) 
sonictourao: posts small blind $0.02
HAEMHuk2009: posts big blind $0.05
*** HOLE CARDS ***
Dealt to Dorex2007 [6d 6s]
Almanza63: folds 
shakadevirgo90: folds 
nartykl: folds 
Dorex2007: calls $0.05
CC7A: folds 
boscaratodias: calls $0.05
acegy: folds 
sonictourao: calls $0.03
HAEMHuk2009: checks 
*** FLOP *** [8d Tc 2c]
sonictourao: checks 
HAEMHuk2009: checks 
Dorex2007: checks 
boscaratodias: checks 
*** TURN *** [8d Tc 2c] [4d]
sonictourao: checks 
HAEMHuk2009: checks 
Dorex2007: checks 
boscaratodias: checks 
*** RIVER *** [8d Tc 2c 4d] [8s]
sonictourao: checks 
HAEMHuk2009: bets $0.13
Dorex2007: folds 
boscaratodias: folds 
sonictourao: folds 
Uncalled bet ($0.13) returned to HAEMHuk2009
HAEMHuk2009 collected $0.19 from pot
*** SUMMARY ***
Total pot $0.20 | Rake $0.01 
Board [8d Tc 2c 4d 8s]
Seat 1: Almanza63 folded before Flop (didn't bet)
Seat 2: shakadevirgo90 folded before Flop (didn't bet)
Seat 3: nartykl folded before Flop (didn't bet)
Seat 4: Dorex2007 folded on the River
Seat 5: CC7A folded before Flop (didn't bet)
Seat 6: boscaratodias folded on the River
Seat 7: acegy (button) folded before Flop (didn't bet)
Seat 8: sonictourao (small blind) folded on the River
Seat 9: HAEMHuk2009 (big blind) collected ($0.19)



PokerStars Hand #237428736659:  Hold'em No Limit ($0.02/$0.05 USD) - 2022/07/17 21:23:59 PT [2022/07/18 0:23:59 ET]
Table 'Claudia IV' 9-max Seat #8 is the button
Seat 1: Almanza63 ($6.47 in chips) 
Seat 2: shakadevirgo90 ($4.31 in chips) 
Seat 3: nartykl ($5.73 in chips) 
Seat 4: Dorex2007 ($11.28 in chips) 
Seat 5: CC7A ($5.41 in chips) 
Seat 6: boscaratodias ($1.94 in chips) 
Seat 7: acegy ($6.29 in chips) 
Seat 8: sonictourao ($3.92 in chips) 
Seat 9: HAEMHuk2009 ($6.84 in chips) 
HAEMHuk2009: posts small blind $0.02
Almanza63: posts big blind $0.05
*** HOLE CARDS ***
Dealt to Dorex2007 [2h Qs]
shakadevirgo90: folds 
nartykl: folds 
Dorex2007: folds 
CC7A: raises $0.10 to $0.15
boscaratodias: folds 
acegy: folds 
sonictourao: folds 
HAEMHuk2009: folds 
Almanza63: folds 
Uncalled bet ($0.10) returned to CC7A
CC7A collected $0.12 from pot
*** SUMMARY ***
Total pot $0.12 | Rake $0 
Seat 1: Almanza63 (big blind) folded before Flop
Seat 2: shakadevirgo90 folded before Flop (didn't bet)
Seat 3: nartykl folded before Flop (didn't bet)
Seat 4: Dorex2007 folded before Flop (didn't bet)
Seat 5: CC7A collected ($0.12)
Seat 6: boscaratodias folded before Flop (didn't bet)
Seat 7: acegy folded before Flop (didn't bet)
Seat 8: sonictourao (button) folded before Flop (didn't bet)
Seat 9: HAEMHuk2009 (small blind) folded before Flop



PokerStars Hand #237428739423:  Hold'em No Limit ($0.02/$0.05 USD) - 2022/07/17 21:24:22 PT [2022/07/18 0:24:22 ET]
Table 'Claudia IV' 9-max Seat #9 is the button
Seat 1: Almanza63 ($6.42 in chips) 
Seat 2: shakadevirgo90 ($4.31 in chips) 
Seat 3: nartykl ($5.73 in chips) 
Seat 4: Dorex2007 ($11.28 in chips) 
Seat 5: CC7A ($5.48 in chips) 
Seat 6: boscaratodias ($1.94 in chips) 
Seat 7: acegy ($6.29 in chips) 
Seat 8: sonictourao ($3.92 in chips) 
Seat 9: HAEMHuk2009 ($6.82 in chips) 
Almanza63: posts small blind $0.02
shakadevirgo90: posts big blind $0.05
*** HOLE CARDS ***
Dealt to Dorex2007 [5c 3h]
nartykl: folds 
Dorex2007: folds 
CC7A: folds 
boscaratodias: calls $0.05
acegy: calls $0.05
sonictourao: calls $0.05
HAEMHuk2009: folds 
Almanza63: raises $0.34 to $0.39
shakadevirgo90: folds 
boscaratodias: folds 
acegy: calls $0.34
sonictourao: folds 
*** FLOP *** [4h 2c 6d]
Almanza63: bets $0.44
acegy: calls $0.44
*** TURN *** [4h 2c 6d] [Jd]
Almanza63: bets $1.32
acegy: raises $4.14 to $5.46 and is all-in
Almanza63: calls $4.14
*** RIVER *** [4h 2c 6d Jd] [Ks]
*** SHOW DOWN ***
Almanza63: shows [Kh Kc] (three of a kind, Kings)
acegy: shows [2h 2d] (three of a kind, Deuces)
Almanza63 collected $12.20 from pot
acegy cashed out the hand for $11.52 | Cash Out Fee $0.12
*** SUMMARY ***
Total pot $12.73 | Rake $0.53 
Board [4h 2c 6d Jd Ks]
Seat 1: Almanza63 (small blind) showed [Kh Kc] and won ($12.20) with three of a kind, Kings
Seat 2: shakadevirgo90 (big blind) folded before Flop
Seat 3: nartykl folded before Flop (didn't bet)
Seat 4: Dorex2007 folded before Flop (didn't bet)
Seat 5: CC7A folded before Flop (didn't bet)
Seat 6: boscaratodias folded before Flop
Seat 7: acegy showed [2h 2d] and lost with three of a kind, Deuces (cashed out).
Seat 8: sonictourao folded before Flop
Seat 9: HAEMHuk2009 (button) folded before Flop (didn't bet)



PokerStars Hand #237428749290:  Hold'em No Limit ($0.02/$0.05 USD) - 2022/07/17 21:25:43 PT [2022/07/18 0:25:43 ET]
Table 'Claudia IV' 9-max Seat #1 is the button
Seat 1: Almanza63 ($12.33 in chips) 
Seat 2: shakadevirgo90 ($4.26 in chips) 
Seat 3: nartykl ($5.73 in chips) 
Seat 4: Dorex2007 ($11.28 in chips) 
Seat 5: CC7A ($5.48 in chips) 
Seat 6: boscaratodias ($1.89 in chips) 
Seat 7: acegy ($11.52 in chips) 
Seat 8: sonictourao ($3.87 in chips) 
Seat 9: HAEMHuk2009 ($6.82 in chips) 
shakadevirgo90: posts small blind $0.02
nartykl: posts big blind $0.05
*** HOLE CARDS ***
Dealt to Dorex2007 [3h 9s]
Dorex2007: folds 
CC7A: raises $0.10 to $0.15
boscaratodias: folds 
acegy: folds 
sonictourao: calls $0.15
HAEMHuk2009: folds 
Almanza63: folds 
shakadevirgo90: folds 
nartykl: folds 
*** FLOP *** [6s Qh 9d]
CC7A: checks 
sonictourao: bets $0.25
CC7A: raises $0.85 to $1.10
sonictourao: folds [Qs]
Uncalled bet ($0.85) returned to CC7A
CC7A collected $0.83 from pot
*** SUMMARY ***
Total pot $0.87 | Rake $0.04 
Board [6s Qh 9d]
Seat 1: Almanza63 (button) folded before Flop (didn't bet)
Seat 2: shakadevirgo90 (small blind) folded before Flop
Seat 3: nartykl (big blind) folded before Flop
Seat 4: Dorex2007 folded before Flop (didn't bet)
Seat 5: CC7A collected ($0.83)
Seat 6: boscaratodias folded before Flop (didn't bet)
Seat 7: acegy folded before Flop (didn't bet)
Seat 8: sonictourao folded on the Flop
Seat 9: HAEMHuk2009 folded before Flop (didn't bet)



PokerStars Hand #237428762305:  Hold'em No Limit ($0.02/$0.05 USD) - 2022/07/17 21:27:32 PT [2022/07/18 0:27:32 ET]
Table 'Claudia IV' 9-max Seat #2 is the button
Seat 1: Almanza63 ($12.33 in chips) 
Seat 2: shakadevirgo90 ($4.24 in chips) 
Seat 3: nartykl ($5.68 in chips) 
Seat 4: Dorex2007 ($11.28 in chips) 
Seat 5: CC7A ($5.91 in chips) 
Seat 6: boscaratodias ($1.89 in chips) 
Seat 7: acegy ($11.52 in chips) 
Seat 8: sonictourao ($3.47 in chips) 
Seat 9: HAEMHuk2009 ($6.82 in chips) 
nartykl: posts small blind $0.02
Dorex2007: posts big blind $0.05
*** HOLE CARDS ***
Dealt to Dorex2007 [4s 4c]
CC7A: raises $0.10 to $0.15
boscaratodias: calls $0.15
acegy: folds 
sonictourao: folds 
HAEMHuk2009: folds 
Almanza63: folds 
shakadevirgo90: folds 
nartykl: folds 
Dorex2007: folds 
*** FLOP *** [Js 5c Ad]
CC7A: bets $0.17
boscaratodias: folds 
Uncalled bet ($0.17) returned to CC7A
CC7A collected $0.35 from pot
*** SUMMARY ***
Total pot $0.37 | Rake $0.02 
Board [Js 5c Ad]
Seat 1: Almanza63 folded before Flop (didn't bet)
Seat 2: shakadevirgo90 (button) folded before Flop (didn't bet)
Seat 3: nartykl (small blind) folded before Flop
Seat 4: Dorex2007 (big blind) folded before Flop
Seat 5: CC7A collected ($0.35)
Seat 6: boscaratodias folded on the Flop
Seat 7: acegy folded before Flop (didn't bet)
Seat 8: sonictourao folded before Flop (didn't bet)
Seat 9: HAEMHuk2009 folded before Flop (didn't bet)



PokerStars Hand #237428767168:  Hold'em No Limit ($0.02/$0.05 USD) - 2022/07/17 21:28:14 PT [2022/07/18 0:28:14 ET]
Table 'Claudia IV' 9-max Seat #3 is the button
Seat 1: Almanza63 ($12.33 in chips) 
Seat 2: shakadevirgo90 ($4.24 in chips) 
Seat 3: nartykl ($5.66 in chips) 
Seat 4: Dorex2007 ($11.23 in chips) 
Seat 5: CC7A ($6.11 in chips) 
Seat 6: boscaratodias ($1.74 in chips) 
Seat 7: acegy ($11.52 in chips) 
Seat 8: sonictourao ($3.47 in chips) 
Seat 9: HAEMHuk2009 ($6.82 in chips) 
Dorex2007: posts small blind $0.02
CC7A: posts big blind $0.05
*** HOLE CARDS ***
Dealt to Dorex2007 [8d 3c]
boscaratodias: calls $0.05
acegy: folds 
sonictourao: folds 
HAEMHuk2009: folds 
Almanza63: folds 
shakadevirgo90: folds 
nartykl: folds 
Dorex2007: folds 
CC7A: checks 
*** FLOP *** [Ks 7h 4s]
CC7A: checks 
boscaratodias: checks 
*** TURN *** [Ks 7h 4s] [6h]
CC7A: bets $0.12
boscaratodias: calls $0.12
*** RIVER *** [Ks 7h 4s 6h] [Jc]
CC7A: checks 
boscaratodias: checks 
*** SHOW DOWN ***
CC7A: shows [9h 6s] (a pair of Sixes)
boscaratodias: shows [8h 7s] (a pair of Sevens)
boscaratodias collected $0.35 from pot
*** SUMMARY ***
Total pot $0.36 | Rake $0.01 
Board [Ks 7h 4s 6h Jc]
Seat 1: Almanza63 folded before Flop (didn't bet)
Seat 2: shakadevirgo90 folded before Flop (didn't bet)
Seat 3: nartykl (button) folded before Flop (didn't bet)
Seat 4: Dorex2007 (small blind) folded before Flop
Seat 5: CC7A (big blind) showed [9h 6s] and lost with a pair of Sixes
Seat 6: boscaratodias showed [8h 7s] and won ($0.35) with a pair of Sevens
Seat 7: acegy folded before Flop (didn't bet)
Seat 8: sonictourao folded before Flop (didn't bet)
Seat 9: HAEMHuk2009 folded before Flop (didn't bet)



PokerStars Hand #237428771522:  Hold'em No Limit ($0.02/$0.05 USD) - 2022/07/17 21:28:51 PT [2022/07/18 0:28:51 ET]
Table 'Claudia IV' 9-max Seat #4 is the button
Seat 1: Almanza63 ($12.33 in chips) 
Seat 2: shakadevirgo90 ($4.24 in chips) 
Seat 3: nartykl ($5.66 in chips) 
Seat 4: Dorex2007 ($11.21 in chips) 
Seat 5: CC7A ($5.94 in chips) 
Seat 6: boscaratodias ($1.92 in chips) 
Seat 7: acegy ($11.52 in chips) 
Seat 8: sonictourao ($3.47 in chips) 
Seat 9: HAEMHuk2009 ($6.82 in chips) 
CC7A: posts small blind $0.02
boscaratodias: posts big blind $0.05
*** HOLE CARDS ***
Dealt to Dorex2007 [Ks 2d]
acegy: folds 
sonictourao: folds 
HAEMHuk2009: folds 
Almanza63: folds 
shakadevirgo90 has timed out
shakadevirgo90: folds 
nartykl: folds 
Dorex2007: folds 
CC7A: raises $0.10 to $0.15
boscaratodias: calls $0.10
*** FLOP *** [7h Kd 8c]
CC7A: bets $0.14
boscaratodias: calls $0.14
*** TURN *** [7h Kd 8c] [4d]
CC7A: checks 
boscaratodias: checks 
*** RIVER *** [7h Kd 8c 4d] [5c]
CC7A: checks 
boscaratodias: checks 
*** SHOW DOWN ***
CC7A: shows [Tc 9c] (high card King)
boscaratodias: shows [7c Qc] (a pair of Sevens)
boscaratodias collected $0.56 from pot
*** SUMMARY ***
Total pot $0.58 | Rake $0.02 
Board [7h Kd 8c 4d 5c]
Seat 1: Almanza63 folded before Flop (didn't bet)
Seat 2: shakadevirgo90 folded before Flop (didn't bet)
Seat 3: nartykl folded before Flop (didn't bet)
Seat 4: Dorex2007 (button) folded before Flop (didn't bet)
Seat 5: CC7A (small blind) showed [Tc 9c] and lost with high card King
Seat 6: boscaratodias (big blind) showed [7c Qc] and won ($0.56) with a pair of Sevens
Seat 7: acegy folded before Flop (didn't bet)
Seat 8: sonictourao folded before Flop (didn't bet)
Seat 9: HAEMHuk2009 folded before Flop (didn't bet)



PokerStars Hand #237428777393:  Hold'em No Limit ($0.02/$0.05 USD) - 2022/07/17 21:29:41 PT [2022/07/18 0:29:41 ET]
Table 'Claudia IV' 9-max Seat #5 is the button
Seat 1: Almanza63 ($12.33 in chips) 
Seat 3: nartykl ($5.66 in chips) 
Seat 4: Dorex2007 ($11.21 in chips) 
Seat 5: CC7A ($5.65 in chips) 
Seat 6: boscaratodias ($2.19 in chips) 
Seat 7: acegy ($11.52 in chips) 
Seat 8: sonictourao ($3.47 in chips) 
Seat 9: HAEMHuk2009 ($6.82 in chips) 
boscaratodias: posts small blind $0.02
acegy: posts big blind $0.05
*** HOLE CARDS ***
Dealt to Dorex2007 [5s 7h]
sonictourao: raises $0.10 to $0.15
HAEMHuk2009: folds 
Almanza63: folds 
nartykl: folds 
Dorex2007: folds 
CC7A: calls $0.15
boscaratodias: calls $0.13
acegy: calls $0.10
*** FLOP *** [Ks Jh Td]
boscaratodias: checks 
acegy: checks 
sonictourao: bets $0.35
CC7A: folds 
boscaratodias: folds 
acegy: raises $0.90 to $1.25
sonictourao: raises $2.07 to $3.32 and is all-in
acegy: calls $2.07
*** TURN *** [Ks Jh Td] [9d]
*** RIVER *** [Ks Jh Td 9d] [9c]
*** SHOW DOWN ***
acegy: shows [Ac Qc] (a straight, Ten to Ace)
sonictourao: shows [Kc Kd] (a full house, Kings full of Nines)
acegy cashed out the hand for $4.47 | Cash Out Fee $0.05
sonictourao cashed out the hand for $2.40 | Cash Out Fee $0.02
*** SUMMARY ***
Total pot $7.24 | Rake $0.30 
Board [Ks Jh Td 9d 9c]
Seat 1: Almanza63 folded before Flop (didn't bet)
Seat 3: nartykl folded before Flop (didn't bet)
Seat 4: Dorex2007 folded before Flop (didn't bet)
Seat 5: CC7A (button) folded on the Flop
Seat 6: boscaratodias (small blind) folded on the Flop
Seat 7: acegy (big blind) showed [Ac Qc] and lost with a straight, Ten to Ace (cashed out).
Seat 8: sonictourao showed [Kc Kd] and won ($6.94) with a full house, Kings full of Nines (pot not awarded as player cashed out)
Seat 9: HAEMHuk2009 folded before Flop (didn't bet)



PokerStars Hand #237428783344:  Hold'em No Limit ($0.02/$0.05 USD) - 2022/07/17 21:30:31 PT [2022/07/18 0:30:31 ET]
Table 'Claudia IV' 9-max Seat #6 is the button
Seat 1: Almanza63 ($12.33 in chips) 
Seat 2: shakadevirgo90 ($4.24 in chips) 
Seat 3: nartykl ($5.66 in chips) 
Seat 4: Dorex2007 ($11.21 in chips) 
Seat 5: CC7A ($5.50 in chips) 
Seat 6: boscaratodias ($2.04 in chips) 
Seat 7: acegy ($12.52 in chips) 
Seat 8: sonictourao ($2.40 in chips) 
Seat 9: HAEMHuk2009 ($6.82 in chips) 
acegy: posts small blind $0.02
sonictourao: posts big blind $0.05
*** HOLE CARDS ***
Dealt to Dorex2007 [2d 9h]
HAEMHuk2009: folds 
Almanza63: folds 
shakadevirgo90: folds 
nartykl: folds 
Dorex2007: folds 
CC7A: raises $0.10 to $0.15
boscaratodias: calls $0.15
acegy: folds 
sonictourao: folds 
*** FLOP *** [6h Kd 3s]
CC7A: bets $0.17
boscaratodias: folds 
Uncalled bet ($0.17) returned to CC7A
CC7A collected $0.35 from pot
*** SUMMARY ***
Total pot $0.37 | Rake $0.02 
Board [6h Kd 3s]
Seat 1: Almanza63 folded before Flop (didn't bet)
Seat 2: shakadevirgo90 folded before Flop (didn't bet)
Seat 3: nartykl folded before Flop (didn't bet)
Seat 4: Dorex2007 folded before Flop (didn't bet)
Seat 5: CC7A collected ($0.35)
Seat 6: boscaratodias (button) folded on the Flop
Seat 7: acegy (small blind) folded before Flop
Seat 8: sonictourao (big blind) folded before Flop
Seat 9: HAEMHuk2009 folded before Flop (didn't bet)



PokerStars Hand #237428789158:  Hold'em No Limit ($0.02/$0.05 USD) - 2022/07/17 21:31:20 PT [2022/07/18 0:31:20 ET]
Table 'Claudia IV' 9-max Seat #7 is the button
Seat 1: Almanza63 ($12.33 in chips) 
Seat 2: shakadevirgo90 ($4.24 in chips) 
Seat 3: nartykl ($5.66 in chips) 
Seat 4: Dorex2007 ($11.21 in chips) 
Seat 5: CC7A ($5.70 in chips) 
Seat 6: boscaratodias ($1.89 in chips) 
Seat 7: acegy ($12.50 in chips) 
Seat 8: sonictourao ($2.35 in chips) 
sonictourao: posts small blind $0.02
HAEMHuk2009: is sitting out 
Almanza63: posts big blind $0.05
*** HOLE CARDS ***
Dealt to Dorex2007 [6s Ah]
shakadevirgo90: raises $0.05 to $0.10
HAEMHuk2009 leaves the table
nartykl: folds 
Dorex2007: folds 
CC7A: folds 
boscaratodias: folds 
acegy: folds 
sonictourao: folds 
Almanza63: calls $0.05
*** FLOP *** [2d 7c Jh]
Almanza63: checks 
shakadevirgo90: bets $0.10
skathai68 joins the table at seat #9 
Almanza63: calls $0.10
*** TURN *** [2d 7c Jh] [6d]
Almanza63: checks 
shakadevirgo90: checks 
*** RIVER *** [2d 7c Jh 6d] [Kd]
Almanza63: bets $0.30
shakadevirgo90: folds 
Uncalled bet ($0.30) returned to Almanza63
Almanza63 collected $0.40 from pot
*** SUMMARY ***
Total pot $0.42 | Rake $0.02 
Board [2d 7c Jh 6d Kd]
Seat 1: Almanza63 (big blind) collected ($0.40)
Seat 2: shakadevirgo90 folded on the River
Seat 3: nartykl folded before Flop (didn't bet)
Seat 4: Dorex2007 folded before Flop (didn't bet)
Seat 5: CC7A folded before Flop (didn't bet)
Seat 6: boscaratodias folded before Flop (didn't bet)
Seat 7: acegy (button) folded before Flop (didn't bet)
Seat 8: sonictourao (small blind) folded before Flop



PokerStars Hand #237428794585:  Hold'em No Limit ($0.02/$0.05 USD) - 2022/07/17 21:32:07 PT [2022/07/18 0:32:07 ET]
Table 'Claudia IV' 9-max Seat #8 is the button
Seat 1: Almanza63 ($12.53 in chips) 
Seat 2: shakadevirgo90 ($4.04 in chips) 
Seat 3: nartykl ($5.66 in chips) 
Seat 4: Dorex2007 ($11.21 in chips) 
Seat 5: CC7A ($5.70 in chips) 
Seat 6: boscaratodias ($1.89 in chips) 
Seat 7: acegy ($12.50 in chips) 
Seat 8: sonictourao ($2.33 in chips) 
Almanza63: posts small blind $0.02
shakadevirgo90: posts big blind $0.05
*** HOLE CARDS ***
Dealt to Dorex2007 [6c 4h]
nartykl: folds 
Dorex2007: folds 
CC7A: raises $0.12 to $0.17
boscaratodias: calls $0.17
acegy: folds 
sonictourao: calls $0.17
Almanza63: folds 
shakadevirgo90: folds 
*** FLOP *** [4d 9c 9d]
CC7A: bets $5.53 and is all-in
boscaratodias: calls $1.72 and is all-in
sonictourao: folds 
Uncalled bet ($3.81) returned to CC7A
*** TURN *** [4d 9c 9d] [2h]
*** RIVER *** [4d 9c 9d 2h] [6d]
*** SHOW DOWN ***
CC7A: shows [8d Jd] (a flush, Jack high)
boscaratodias: shows [Ad Qd] (a flush, Ace high)
boscaratodias collected $3.85 from pot
*** SUMMARY ***
Total pot $4.02 | Rake $0.17 
Board [4d 9c 9d 2h 6d]
Seat 1: Almanza63 (small blind) folded before Flop
Seat 2: shakadevirgo90 (big blind) folded before Flop
Seat 3: nartykl folded before Flop (didn't bet)
Seat 4: Dorex2007 folded before Flop (didn't bet)
Seat 5: CC7A showed [8d Jd] and lost with a flush, Jack high
Seat 6: boscaratodias showed [Ad Qd] and won ($3.85) with a flush, Ace high
Seat 7: acegy folded before Flop (didn't bet)
Seat 8: sonictourao (button) folded on the Flop



PokerStars Hand #237428799162:  Hold'em No Limit ($0.02/$0.05 USD) - 2022/07/17 21:32:46 PT [2022/07/18 0:32:46 ET]
Table 'Claudia IV' 9-max Seat #1 is the button
Seat 1: Almanza63 ($12.51 in chips) 
Seat 2: shakadevirgo90 ($3.99 in chips) 
Seat 3: nartykl ($5.66 in chips) 
Seat 4: Dorex2007 ($11.21 in chips) 
Seat 5: CC7A ($3.81 in chips) 
Seat 6: boscaratodias ($3.85 in chips) 
Seat 7: acegy ($12.50 in chips) 
Seat 8: sonictourao ($2.16 in chips) 
shakadevirgo90: posts small blind $0.02
nartykl: posts big blind $0.05
skathai68: sits out 
*** HOLE CARDS ***
Dealt to Dorex2007 [8h 2s]
Dorex2007: folds 
CC7A: raises $0.12 to $0.17
boscaratodias: calls $0.17
acegy: folds 
sonictourao: folds 
Almanza63: calls $0.17
shakadevirgo90: folds 
nartykl: folds 
*** FLOP *** [4c 7d As]
CC7A: bets $0.28
boscaratodias: folds 
Almanza63: calls $0.28
*** TURN *** [4c 7d As] [Jh]
CC7A: bets $0.99
Almanza63: folds 
Uncalled bet ($0.99) returned to CC7A
CC7A collected $1.09 from pot
*** SUMMARY ***
Total pot $1.14 | Rake $0.05 
Board [4c 7d As Jh]
Seat 1: Almanza63 (button) folded on the Turn
Seat 2: shakadevirgo90 (small blind) folded before Flop
Seat 3: nartykl (big blind) folded before Flop
Seat 4: Dorex2007 folded before Flop (didn't bet)
Seat 5: CC7A collected ($1.09)
Seat 6: boscaratodias folded on the Flop
Seat 7: acegy folded before Flop (didn't bet)
Seat 8: sonictourao folded before Flop (didn't bet)



