PokerStars Hand #232817648198:  Hold'em No Limit ($0.01/$0.02 USD) - 2022/01/04 12:16:15 PT [2022/01/04 15:16:15 ET]
Table 'Xanthippe IV' 9-max Seat #6 is the button
Seat 1: boulefan ($1.89 in chips) 
Seat 2: 123Tip123 ($2.38 in chips) 
Seat 3: Stefanmu10 ($1.38 in chips) 
Seat 4: Dorex2007 ($2 in chips) 
Seat 5: Honk-Hoschi1978 ($1.60 in chips) 
Seat 6: piernen ($1.63 in chips) 
Seat 7: Axxxxx588 ($1.09 in chips) 
Seat 9: ElGinoo1 ($2.15 in chips) 
Axxxxx588: posts small blind $0.01
ElGinoo1: posts big blind $0.02
Dorex2007: posts big blind $0.02
Honk-Hoschi1978: posts big blind $0.02
*** HOLE CARDS ***
Dealt to Dorex2007 [2h 8h]
boulefan: folds 
123Tip123: folds 
boulefan leaves the table
Stefanmu10: calls $0.02
okotokian1 joins the table at seat #1 
Dorex2007 has timed out
Dorex2007: checks 
Honk-Hoschi1978: checks 
piernen: calls $0.02
Axxxxx588: folds 
ElGinoo1: checks 
*** FLOP *** [Td 2c 5c]
ElGinoo1: bets $0.08
Stefanmu10: folds 
Dorex2007: folds 
Honk-Hoschi1978: folds 
piernen: calls $0.08
*** TURN *** [Td 2c 5c] [2s]
ElGinoo1: checks 
piernen: checks 
*** RIVER *** [Td 2c 5c 2s] [6d]
ElGinoo1: bets $0.10
piernen: folds 
Uncalled bet ($0.10) returned to ElGinoo1
ElGinoo1 collected $0.26 from pot
ElGinoo1: doesn't show hand 
*** SUMMARY ***
Total pot $0.27 | Rake $0.01 
Board [Td 2c 5c 2s 6d]
Seat 1: boulefan folded before Flop (didn't bet)
Seat 2: 123Tip123 folded before Flop (didn't bet)
Seat 3: Stefanmu10 folded on the Flop
Seat 4: Dorex2007 folded on the Flop (didn't bet)
Seat 5: Honk-Hoschi1978 folded on the Flop (didn't bet)
Seat 6: piernen (button) folded on the River
Seat 7: Axxxxx588 (small blind) folded before Flop
Seat 9: ElGinoo1 (big blind) collected ($0.26)



PokerStars Hand #232817699589:  Hold'em No Limit ($0.01/$0.02 USD) - 2022/01/04 12:17:35 PT [2022/01/04 15:17:35 ET]
Table 'Xanthippe IV' 9-max Seat #7 is the button
Seat 1: okotokian1 ($2 in chips) 
Seat 2: 123Tip123 ($2.38 in chips) 
Seat 3: Stefanmu10 ($1.36 in chips) 
Seat 4: Dorex2007 ($2 in chips) 
Seat 5: Honk-Hoschi1978 ($1.58 in chips) 
Seat 6: piernen ($1.53 in chips) 
Seat 7: Axxxxx588 ($1.08 in chips) 
Seat 9: ElGinoo1 ($2.31 in chips) 
ElGinoo1: posts small blind $0.01
okotokian1: posts big blind $0.02
*** HOLE CARDS ***
Dealt to Dorex2007 [Jh Qd]
123Tip123: raises $0.04 to $0.06
Stefanmu10: calls $0.06
Dorex2007: folds 
Honk-Hoschi1978: folds 
piernen: calls $0.06
Axxxxx588: folds 
ElGinoo1: folds 
okotokian1: folds 
*** FLOP *** [Ad 2h Td]
123Tip123: checks 
Stefanmu10: checks 
piernen: checks 
*** TURN *** [Ad 2h Td] [3s]
123Tip123: checks 
Stefanmu10: checks 
piernen: checks 
*** RIVER *** [Ad 2h Td 3s] [8s]
123Tip123: checks 
Stefanmu10: checks 
piernen: checks 
*** SHOW DOWN ***
123Tip123: shows [6s 6h] (a pair of Sixes)
Stefanmu10: mucks hand 
piernen: shows [Qh 8h] (a pair of Eights)
piernen collected $0.20 from pot
*** SUMMARY ***
Total pot $0.21 | Rake $0.01 
Board [Ad 2h Td 3s 8s]
Seat 1: okotokian1 (big blind) folded before Flop
Seat 2: 123Tip123 showed [6s 6h] and lost with a pair of Sixes
Seat 3: Stefanmu10 mucked [7d 5h]
Seat 4: Dorex2007 folded before Flop (didn't bet)
Seat 5: Honk-Hoschi1978 folded before Flop (didn't bet)
Seat 6: piernen showed [Qh 8h] and won ($0.20) with a pair of Eights
Seat 7: Axxxxx588 (button) folded before Flop (didn't bet)
Seat 9: ElGinoo1 (small blind) folded before Flop



PokerStars Hand #232817740818:  Hold'em No Limit ($0.01/$0.02 USD) - 2022/01/04 12:18:40 PT [2022/01/04 15:18:40 ET]
Table 'Xanthippe IV' 9-max Seat #9 is the button
Seat 1: okotokian1 ($2 in chips) 
Seat 2: 123Tip123 ($2.32 in chips) 
Seat 3: Stefanmu10 ($1.30 in chips) 
Seat 4: Dorex2007 ($2 in chips) 
Seat 5: Honk-Hoschi1978 ($1.58 in chips) 
Seat 6: piernen ($1.67 in chips) 
Seat 7: Axxxxx588 ($1.08 in chips) 
Seat 9: ElGinoo1 ($2.30 in chips) 
okotokian1: posts small blind $0.01
123Tip123: posts big blind $0.02
koupin: sits out 
*** HOLE CARDS ***
Dealt to Dorex2007 [Qc 3s]
Stefanmu10: calls $0.02
Dorex2007: folds 
Honk-Hoschi1978: calls $0.02
piernen: calls $0.02
Axxxxx588: folds 
ElGinoo1: folds 
okotokian1: calls $0.01
123Tip123: checks 
*** FLOP *** [3h 5h 8d]
okotokian1: checks 
123Tip123: checks 
Stefanmu10: checks 
Honk-Hoschi1978: checks 
piernen: checks 
*** TURN *** [3h 5h 8d] [Th]
okotokian1: checks 
123Tip123: checks 
Stefanmu10: bets $0.10
Honk-Hoschi1978: folds 
piernen: folds 
okotokian1: folds 
123Tip123: folds 
Uncalled bet ($0.10) returned to Stefanmu10
Stefanmu10 collected $0.10 from pot
Stefanmu10: doesn't show hand 
*** SUMMARY ***
Total pot $0.10 | Rake $0 
Board [3h 5h 8d Th]
Seat 1: okotokian1 (small blind) folded on the Turn
Seat 2: 123Tip123 (big blind) folded on the Turn
Seat 3: Stefanmu10 collected ($0.10)
Seat 4: Dorex2007 folded before Flop (didn't bet)
Seat 5: Honk-Hoschi1978 folded on the Turn
Seat 6: piernen folded on the Turn
Seat 7: Axxxxx588 folded before Flop (didn't bet)
Seat 9: ElGinoo1 (button) folded before Flop (didn't bet)



PokerStars Hand #232817801588:  Hold'em No Limit ($0.01/$0.02 USD) - 2022/01/04 12:20:15 PT [2022/01/04 15:20:15 ET]
Table 'Xanthippe IV' 9-max Seat #1 is the button
Seat 1: okotokian1 ($2 in chips) 
Seat 2: 123Tip123 ($2.30 in chips) 
Seat 3: Stefanmu10 ($1.38 in chips) 
Seat 4: Dorex2007 ($2 in chips) 
Seat 5: Honk-Hoschi1978 ($1.56 in chips) 
Seat 6: piernen ($1.65 in chips) 
Seat 7: Axxxxx588 ($1.08 in chips) 
Seat 9: ElGinoo1 ($2.30 in chips) 
123Tip123: posts small blind $0.01
Stefanmu10: posts big blind $0.02
koupin: sits out 
*** HOLE CARDS ***
Dealt to Dorex2007 [2h 6s]
Dorex2007: folds 
Honk-Hoschi1978: folds 
piernen: raises $0.04 to $0.06
Axxxxx588: folds 
ElGinoo1: folds 
okotokian1: folds 
123Tip123: folds 
Stefanmu10: calls $0.04
*** FLOP *** [Ts 9s Ad]
Stefanmu10: bets $0.08
piernen: raises $0.14 to $0.22
Stefanmu10: calls $0.14
*** TURN *** [Ts 9s Ad] [8s]
Stefanmu10: checks 
piernen: bets $0.55
Stefanmu10: raises $0.55 to $1.10 and is all-in
piernen: calls $0.55
*** RIVER *** [Ts 9s Ad 8s] [4c]
*** SHOW DOWN ***
Stefanmu10: shows [Ac 4s] (two pair, Aces and Fours)
piernen: shows [Kd As] (a pair of Aces)
Stefanmu10 collected $2.65 from pot
piernen cashed out the hand for $2.46 | Cash Out Fee $0.02
*** SUMMARY ***
Total pot $2.77 | Rake $0.12 
Board [Ts 9s Ad 8s 4c]
Seat 1: okotokian1 (button) folded before Flop (didn't bet)
Seat 2: 123Tip123 (small blind) folded before Flop
Seat 3: Stefanmu10 (big blind) showed [Ac 4s] and won ($2.65) with two pair, Aces and Fours
Seat 4: Dorex2007 folded before Flop (didn't bet)
Seat 5: Honk-Hoschi1978 folded before Flop (didn't bet)
Seat 6: piernen showed [Kd As] and lost with a pair of Aces (cashed out).
Seat 7: Axxxxx588 folded before Flop (didn't bet)
Seat 9: ElGinoo1 folded before Flop (didn't bet)



PokerStars Hand #232817871659:  Hold'em No Limit ($0.01/$0.02 USD) - 2022/01/04 12:22:04 PT [2022/01/04 15:22:04 ET]
Table 'Xanthippe IV' 9-max Seat #2 is the button
Seat 1: okotokian1 ($2 in chips) 
Seat 2: 123Tip123 ($2.29 in chips) 
Seat 3: Stefanmu10 ($2.65 in chips) 
Seat 4: Dorex2007 ($2 in chips) 
Seat 5: Honk-Hoschi1978 ($1.56 in chips) 
Seat 6: piernen ($2.73 in chips) 
Seat 7: Axxxxx588 ($1.08 in chips) 
Seat 9: ElGinoo1 ($2.30 in chips) 
Stefanmu10: posts small blind $0.01
Dorex2007: posts big blind $0.02
koupin: sits out 
*** HOLE CARDS ***
Dealt to Dorex2007 [2d Js]
Honk-Hoschi1978: folds 
piernen: folds 
Axxxxx588: folds 
ElGinoo1: raises $0.08 to $0.10
okotokian1: folds 
123Tip123: folds 
Stefanmu10: folds 
Dorex2007: folds 
Uncalled bet ($0.08) returned to ElGinoo1
Stefanmu10 leaves the table
ElGinoo1 collected $0.05 from pot
ElGinoo1: doesn't show hand 
*** SUMMARY ***
Total pot $0.05 | Rake $0 
Seat 1: okotokian1 folded before Flop (didn't bet)
Seat 2: 123Tip123 (button) folded before Flop (didn't bet)
Seat 3: Stefanmu10 (small blind) folded before Flop
Seat 4: Dorex2007 (big blind) folded before Flop
Seat 5: Honk-Hoschi1978 folded before Flop (didn't bet)
Seat 6: piernen folded before Flop (didn't bet)
Seat 7: Axxxxx588 folded before Flop (didn't bet)
Seat 9: ElGinoo1 collected ($0.05)



PokerStars Hand #232817884199:  Hold'em No Limit ($0.01/$0.02 USD) - 2022/01/04 12:22:23 PT [2022/01/04 15:22:23 ET]
Table 'Xanthippe IV' 9-max Seat #4 is the button
Seat 1: okotokian1 ($2 in chips) 
Seat 2: 123Tip123 ($2.29 in chips) 
Seat 4: Dorex2007 ($2 in chips) 
Seat 5: Honk-Hoschi1978 ($1.56 in chips) 
Seat 6: piernen ($2.73 in chips) 
Seat 7: Axxxxx588 ($1.08 in chips) 
Seat 9: ElGinoo1 ($2.33 in chips) 
Honk-Hoschi1978: posts small blind $0.01
piernen: posts big blind $0.02
koupin: sits out 
*** HOLE CARDS ***
Dealt to Dorex2007 [Tc 4d]
Axxxxx588: folds 
ElGinoo1: raises $0.04 to $0.06
caesar778797 joins the table at seat #3 
okotokian1: folds 
123Tip123: calls $0.06
Dorex2007: folds 
Honk-Hoschi1978: calls $0.05
piernen: calls $0.04
*** FLOP *** [5d 4h 6s]
Honk-Hoschi1978: checks 
piernen: checks 
ElGinoo1: bets $0.12
123Tip123: folds 
Honk-Hoschi1978: folds 
piernen: folds 
Uncalled bet ($0.12) returned to ElGinoo1
ElGinoo1 collected $0.23 from pot
ElGinoo1: doesn't show hand 
*** SUMMARY ***
Total pot $0.24 | Rake $0.01 
Board [5d 4h 6s]
Seat 1: okotokian1 folded before Flop (didn't bet)
Seat 2: 123Tip123 folded on the Flop
Seat 4: Dorex2007 (button) folded before Flop (didn't bet)
Seat 5: Honk-Hoschi1978 (small blind) folded on the Flop
Seat 6: piernen (big blind) folded on the Flop
Seat 7: Axxxxx588 folded before Flop (didn't bet)
Seat 9: ElGinoo1 collected ($0.23)



PokerStars Hand #232817919904:  Hold'em No Limit ($0.01/$0.02 USD) - 2022/01/04 12:23:19 PT [2022/01/04 15:23:19 ET]
Table 'Xanthippe IV' 9-max Seat #5 is the button
Seat 1: okotokian1 ($2 in chips) 
Seat 2: 123Tip123 ($2.23 in chips) 
Seat 3: caesar778797 ($0.99 in chips) 
Seat 4: Dorex2007 ($2 in chips) 
Seat 5: Honk-Hoschi1978 ($1.50 in chips) 
Seat 6: piernen ($2.67 in chips) 
Seat 7: Axxxxx588 ($1.08 in chips) 
Seat 9: ElGinoo1 ($2.50 in chips) 
piernen: posts small blind $0.01
Axxxxx588: posts big blind $0.02
koupin: sits out 
caesar778797: posts big blind $0.02
*** HOLE CARDS ***
Dealt to Dorex2007 [5h 8c]
ElGinoo1: folds 
okotokian1: folds 
123Tip123: folds 
caesar778797: checks 
Dorex2007: calls $0.02
Honk-Hoschi1978: calls $0.02
piernen: calls $0.01
Axxxxx588: checks 
*** FLOP *** [Th Ah Tc]
piernen: bets $0.02
Axxxxx588: folds 
caesar778797: folds 
Dorex2007: folds 
Honk-Hoschi1978: folds 
Uncalled bet ($0.02) returned to piernen
piernen collected $0.10 from pot
piernen: doesn't show hand 
*** SUMMARY ***
Total pot $0.10 | Rake $0 
Board [Th Ah Tc]
Seat 1: okotokian1 folded before Flop (didn't bet)
Seat 2: 123Tip123 folded before Flop (didn't bet)
Seat 3: caesar778797 folded on the Flop (didn't bet)
Seat 4: Dorex2007 folded on the Flop
Seat 5: Honk-Hoschi1978 (button) folded on the Flop
Seat 6: piernen (small blind) collected ($0.10)
Seat 7: Axxxxx588 (big blind) folded on the Flop
Seat 9: ElGinoo1 folded before Flop (didn't bet)



PokerStars Hand #232817940344:  Hold'em No Limit ($0.01/$0.02 USD) - 2022/01/04 12:23:51 PT [2022/01/04 15:23:51 ET]
Table 'Xanthippe IV' 9-max Seat #6 is the button
Seat 1: okotokian1 ($2 in chips) 
Seat 2: 123Tip123 ($2.23 in chips) 
Seat 3: caesar778797 ($0.97 in chips) 
Seat 4: Dorex2007 ($2 in chips) 
Seat 5: Honk-Hoschi1978 ($1.48 in chips) 
Seat 6: piernen ($2.75 in chips) 
Seat 7: Axxxxx588 ($1.06 in chips) 
Seat 8: koupin ($1.80 in chips) 
Seat 9: ElGinoo1 ($2.50 in chips) 
Axxxxx588: posts small blind $0.01
koupin: posts big blind $0.02
*** HOLE CARDS ***
Dealt to Dorex2007 [2d 5c]
ElGinoo1: folds 
okotokian1: folds 
123Tip123: folds 
caesar778797: calls $0.02
Dorex2007: folds 
Honk-Hoschi1978: calls $0.02
piernen: calls $0.02
Axxxxx588: calls $0.01
koupin: checks 
*** FLOP *** [6c Th Kd]
Axxxxx588: checks 
koupin: checks 
caesar778797: checks 
Honk-Hoschi1978: checks 
piernen: bets $0.04
Axxxxx588: calls $0.04
koupin: folds 
caesar778797: calls $0.04
Honk-Hoschi1978: calls $0.04
*** TURN *** [6c Th Kd] [Ks]
Axxxxx588: checks 
caesar778797: checks 
Honk-Hoschi1978: checks 
piernen: checks 
*** RIVER *** [6c Th Kd Ks] [Tc]
Axxxxx588: checks 
caesar778797: bets $0.25
Honk-Hoschi1978: folds 
piernen: folds 
Axxxxx588: folds 
Uncalled bet ($0.25) returned to caesar778797
caesar778797 collected $0.25 from pot
*** SUMMARY ***
Total pot $0.26 | Rake $0.01 
Board [6c Th Kd Ks Tc]
Seat 1: okotokian1 folded before Flop (didn't bet)
Seat 2: 123Tip123 folded before Flop (didn't bet)
Seat 3: caesar778797 collected ($0.25)
Seat 4: Dorex2007 folded before Flop (didn't bet)
Seat 5: Honk-Hoschi1978 folded on the River
Seat 6: piernen (button) folded on the River
Seat 7: Axxxxx588 (small blind) folded on the River
Seat 8: koupin (big blind) folded on the Flop
Seat 9: ElGinoo1 folded before Flop (didn't bet)



PokerStars Hand #232818002426:  Hold'em No Limit ($0.01/$0.02 USD) - 2022/01/04 12:25:26 PT [2022/01/04 15:25:26 ET]
Table 'Xanthippe IV' 9-max Seat #7 is the button
Seat 1: okotokian1 ($2 in chips) 
Seat 2: 123Tip123 ($2.23 in chips) 
Seat 3: caesar778797 ($1.16 in chips) 
Seat 4: Dorex2007 ($2 in chips) 
Seat 5: Honk-Hoschi1978 ($1.42 in chips) 
Seat 6: piernen ($2.69 in chips) 
Seat 7: Axxxxx588 ($1 in chips) 
Seat 8: koupin ($1.78 in chips) 
Seat 9: ElGinoo1 ($2.50 in chips) 
koupin: posts small blind $0.01
ElGinoo1: posts big blind $0.02
*** HOLE CARDS ***
Dealt to Dorex2007 [7h 7d]
okotokian1: folds 
123Tip123: raises $0.04 to $0.06
caesar778797: folds 
Dorex2007: folds 
Honk-Hoschi1978: folds 
piernen: folds 
Axxxxx588: folds 
koupin: calls $0.05
ElGinoo1: calls $0.04
*** FLOP *** [4d 5s 3c]
koupin: checks 
ElGinoo1: bets $0.12
123Tip123: calls $0.12
koupin: folds 
*** TURN *** [4d 5s 3c] [2d]
ElGinoo1: bets $0.32
123Tip123: calls $0.32
*** RIVER *** [4d 5s 3c 2d] [Jd]
ElGinoo1: bets $2 and is all-in
123Tip123: folds 
Uncalled bet ($2) returned to ElGinoo1
ElGinoo1 collected $1.02 from pot
ElGinoo1: doesn't show hand 
*** SUMMARY ***
Total pot $1.06 | Rake $0.04 
Board [4d 5s 3c 2d Jd]
Seat 1: okotokian1 folded before Flop (didn't bet)
Seat 2: 123Tip123 folded on the River
Seat 3: caesar778797 folded before Flop (didn't bet)
Seat 4: Dorex2007 folded before Flop (didn't bet)
Seat 5: Honk-Hoschi1978 folded before Flop (didn't bet)
Seat 6: piernen folded before Flop (didn't bet)
Seat 7: Axxxxx588 (button) folded before Flop (didn't bet)
Seat 8: koupin (small blind) folded on the Flop
Seat 9: ElGinoo1 (big blind) collected ($1.02)



PokerStars Hand #232818050561:  Hold'em No Limit ($0.01/$0.02 USD) - 2022/01/04 12:26:43 PT [2022/01/04 15:26:43 ET]
Table 'Xanthippe IV' 9-max Seat #8 is the button
Seat 1: okotokian1 ($2 in chips) 
Seat 2: 123Tip123 ($1.73 in chips) 
Seat 3: caesar778797 ($1.16 in chips) 
Seat 4: Dorex2007 ($2 in chips) 
Seat 5: Honk-Hoschi1978 ($1.42 in chips) 
Seat 6: piernen ($2.69 in chips) 
Seat 7: Axxxxx588 ($1 in chips) 
Seat 8: koupin ($1.72 in chips) 
Seat 9: ElGinoo1 ($3.02 in chips) 
ElGinoo1: posts small blind $0.01
okotokian1: posts big blind $0.02
*** HOLE CARDS ***
Dealt to Dorex2007 [Ac Tc]
123Tip123: folds 
caesar778797: folds 
Dorex2007: raises $0.04 to $0.06
Honk-Hoschi1978: folds 
piernen: calls $0.06
Axxxxx588: folds 
koupin: calls $0.06
ElGinoo1: folds 
okotokian1: folds 
*** FLOP *** [Ts 4c 4d]
Dorex2007: bets $0.20
piernen: folds 
koupin: folds 
Uncalled bet ($0.20) returned to Dorex2007
Dorex2007 collected $0.20 from pot
Dorex2007: doesn't show hand 
*** SUMMARY ***
Total pot $0.21 | Rake $0.01 
Board [Ts 4c 4d]
Seat 1: okotokian1 (big blind) folded before Flop
Seat 2: 123Tip123 folded before Flop (didn't bet)
Seat 3: caesar778797 folded before Flop (didn't bet)
Seat 4: Dorex2007 collected ($0.20)
Seat 5: Honk-Hoschi1978 folded before Flop (didn't bet)
Seat 6: piernen folded on the Flop
Seat 7: Axxxxx588 folded before Flop (didn't bet)
Seat 8: koupin (button) folded on the Flop
Seat 9: ElGinoo1 (small blind) folded before Flop



PokerStars Hand #232818081506:  Hold'em No Limit ($0.01/$0.02 USD) - 2022/01/04 12:27:32 PT [2022/01/04 15:27:32 ET]
Table 'Xanthippe IV' 9-max Seat #9 is the button
Seat 1: okotokian1 ($2 in chips) 
Seat 2: 123Tip123 ($1.73 in chips) 
Seat 3: caesar778797 ($1.16 in chips) 
Seat 4: Dorex2007 ($2.14 in chips) 
Seat 5: Honk-Hoschi1978 ($1.42 in chips) 
Seat 6: piernen ($2.63 in chips) 
Seat 7: Axxxxx588 ($1 in chips) 
Seat 8: koupin ($1.66 in chips) 
Seat 9: ElGinoo1 ($3.01 in chips) 
okotokian1: posts small blind $0.01
123Tip123: posts big blind $0.02
*** HOLE CARDS ***
Dealt to Dorex2007 [Qd Jc]
caesar778797: calls $0.02
Dorex2007: folds 
Honk-Hoschi1978: calls $0.02
piernen: folds 
Axxxxx588: folds 
koupin: calls $0.02
ElGinoo1: folds 
okotokian1: folds 
123Tip123: checks 
*** FLOP *** [2h 8c 5h]
123Tip123: checks 
caesar778797: checks 
Honk-Hoschi1978: checks 
koupin: checks 
*** TURN *** [2h 8c 5h] [6d]
123Tip123: bets $0.05
caesar778797: calls $0.05
Honk-Hoschi1978: calls $0.05
koupin: folds 
*** RIVER *** [2h 8c 5h 6d] [4c]
123Tip123: bets $0.12
caesar778797: folds 
Honk-Hoschi1978: raises $0.12 to $0.24
123Tip123: calls $0.12
*** SHOW DOWN ***
Honk-Hoschi1978: shows [Ah 7d] (a straight, Four to Eight)
123Tip123: shows [Kh 7h] (a straight, Four to Eight)
123Tip123 collected $0.35 from pot
Honk-Hoschi1978 collected $0.34 from pot
*** SUMMARY ***
Total pot $0.72 | Rake $0.03 
Board [2h 8c 5h 6d 4c]
Seat 1: okotokian1 (small blind) folded before Flop
Seat 2: 123Tip123 (big blind) showed [Kh 7h] and won ($0.35) with a straight, Four to Eight
Seat 3: caesar778797 folded on the River
Seat 4: Dorex2007 folded before Flop (didn't bet)
Seat 5: Honk-Hoschi1978 showed [Ah 7d] and won ($0.34) with a straight, Four to Eight
Seat 6: piernen folded before Flop (didn't bet)
Seat 7: Axxxxx588 folded before Flop (didn't bet)
Seat 8: koupin folded on the Turn
Seat 9: ElGinoo1 (button) folded before Flop (didn't bet)



PokerStars Hand #232818114256:  Hold'em No Limit ($0.01/$0.02 USD) - 2022/01/04 12:28:23 PT [2022/01/04 15:28:23 ET]
Table 'Xanthippe IV' 9-max Seat #1 is the button
Seat 1: okotokian1 ($2 in chips) 
Seat 2: 123Tip123 ($1.77 in chips) 
Seat 3: caesar778797 ($1.09 in chips) 
Seat 4: Dorex2007 ($2.14 in chips) 
Seat 5: Honk-Hoschi1978 ($1.45 in chips) 
Seat 6: piernen ($2.63 in chips) 
Seat 7: Axxxxx588 ($1 in chips) 
Seat 8: koupin ($1.64 in chips) 
Seat 9: ElGinoo1 ($3.01 in chips) 
123Tip123: posts small blind $0.01
caesar778797: posts big blind $0.02
*** HOLE CARDS ***
Dealt to Dorex2007 [Ts 6c]
Dorex2007: folds 
Honk-Hoschi1978: folds 
piernen: folds 
Axxxxx588: folds 
koupin: folds 
ElGinoo1: raises $0.06 to $0.08
okotokian1: folds 
123Tip123: folds 
caesar778797: calls $0.06
*** FLOP *** [Kd 4s 5h]
caesar778797: checks 
ElGinoo1: bets $0.12
caesar778797: calls $0.12
*** TURN *** [Kd 4s 5h] [Kc]
caesar778797: checks 
ElGinoo1: bets $0.18
caesar778797: calls $0.18
*** RIVER *** [Kd 4s 5h Kc] [As]
caesar778797: checks 
ElGinoo1: checks 
*** SHOW DOWN ***
caesar778797: shows [6d 5d] (two pair, Kings and Fives)
ElGinoo1: shows [Td Tc] (two pair, Kings and Tens)
ElGinoo1 collected $0.74 from pot
*** SUMMARY ***
Total pot $0.77 | Rake $0.03 
Board [Kd 4s 5h Kc As]
Seat 1: okotokian1 (button) folded before Flop (didn't bet)
Seat 2: 123Tip123 (small blind) folded before Flop
Seat 3: caesar778797 (big blind) showed [6d 5d] and lost with two pair, Kings and Fives
Seat 4: Dorex2007 folded before Flop (didn't bet)
Seat 5: Honk-Hoschi1978 folded before Flop (didn't bet)
Seat 6: piernen folded before Flop (didn't bet)
Seat 7: Axxxxx588 folded before Flop (didn't bet)
Seat 8: koupin folded before Flop (didn't bet)
Seat 9: ElGinoo1 showed [Td Tc] and won ($0.74) with two pair, Kings and Tens



PokerStars Hand #232818151801:  Hold'em No Limit ($0.01/$0.02 USD) - 2022/01/04 12:29:22 PT [2022/01/04 15:29:22 ET]
Table 'Xanthippe IV' 9-max Seat #2 is the button
Seat 1: okotokian1 ($2 in chips) 
Seat 2: 123Tip123 ($1.76 in chips) 
Seat 3: caesar778797 ($0.71 in chips) 
Seat 4: Dorex2007 ($2.14 in chips) 
Seat 5: Honk-Hoschi1978 ($1.45 in chips) 
Seat 6: piernen ($2.63 in chips) 
Seat 7: Axxxxx588 ($1 in chips) 
Seat 8: koupin ($1.64 in chips) 
Seat 9: ElGinoo1 ($3.37 in chips) 
caesar778797: posts small blind $0.01
Dorex2007: posts big blind $0.02
*** HOLE CARDS ***
Dealt to Dorex2007 [Kd Qd]
Honk-Hoschi1978: folds 
piernen: folds 
Axxxxx588: folds 
koupin: folds 
ElGinoo1: raises $0.06 to $0.08
okotokian1: folds 
123Tip123: folds 
caesar778797: folds 
Dorex2007: calls $0.06
*** FLOP *** [8s As 6s]
Dorex2007: bets $0.16
ElGinoo1: raises $0.24 to $0.40
Dorex2007: calls $0.24
*** TURN *** [8s As 6s] [3c]
Dorex2007: bets $1.66 and is all-in
ElGinoo1: folds 
Uncalled bet ($1.66) returned to Dorex2007
Dorex2007 collected $0.94 from pot
Dorex2007: doesn't show hand 
*** SUMMARY ***
Total pot $0.97 | Rake $0.03 
Board [8s As 6s 3c]
Seat 1: okotokian1 folded before Flop (didn't bet)
Seat 2: 123Tip123 (button) folded before Flop (didn't bet)
Seat 3: caesar778797 (small blind) folded before Flop
Seat 4: Dorex2007 (big blind) collected ($0.94)
Seat 5: Honk-Hoschi1978 folded before Flop (didn't bet)
Seat 6: piernen folded before Flop (didn't bet)
Seat 7: Axxxxx588 folded before Flop (didn't bet)
Seat 8: koupin folded before Flop (didn't bet)
Seat 9: ElGinoo1 folded on the Turn



PokerStars Hand #232818191160:  Hold'em No Limit ($0.01/$0.02 USD) - 2022/01/04 12:30:17 PT [2022/01/04 15:30:17 ET]
Table 'Xanthippe IV' 9-max Seat #3 is the button
Seat 1: okotokian1 ($2 in chips) 
Seat 2: 123Tip123 ($1.76 in chips) 
Seat 3: caesar778797 ($0.70 in chips) 
Seat 4: Dorex2007 ($2.60 in chips) 
Seat 5: Honk-Hoschi1978 ($1.45 in chips) 
Seat 6: piernen ($2.63 in chips) 
Seat 7: Axxxxx588 ($1 in chips) 
Seat 8: koupin ($1.64 in chips) 
Seat 9: ElGinoo1 ($2.89 in chips) 
Dorex2007: posts small blind $0.01
Honk-Hoschi1978: posts big blind $0.02
*** HOLE CARDS ***
Dealt to Dorex2007 [Ad 8h]
piernen: folds 
Axxxxx588: folds 
koupin: folds 
ElGinoo1: folds 
okotokian1: folds 
123Tip123: raises $0.04 to $0.06
caesar778797: calls $0.06
Dorex2007: folds 
Honk-Hoschi1978: calls $0.04
*** FLOP *** [Jh 2c 9h]
Honk-Hoschi1978: checks 
123Tip123: bets $0.08
caesar778797: folds 
Honk-Hoschi1978: folds 
Uncalled bet ($0.08) returned to 123Tip123
123Tip123 collected $0.18 from pot
123Tip123: doesn't show hand 
*** SUMMARY ***
Total pot $0.19 | Rake $0.01 
Board [Jh 2c 9h]
Seat 1: okotokian1 folded before Flop (didn't bet)
Seat 2: 123Tip123 collected ($0.18)
Seat 3: caesar778797 (button) folded on the Flop
Seat 4: Dorex2007 (small blind) folded before Flop
Seat 5: Honk-Hoschi1978 (big blind) folded on the Flop
Seat 6: piernen folded before Flop (didn't bet)
Seat 7: Axxxxx588 folded before Flop (didn't bet)
Seat 8: koupin folded before Flop (didn't bet)
Seat 9: ElGinoo1 folded before Flop (didn't bet)



PokerStars Hand #232818215894:  Hold'em No Limit ($0.01/$0.02 USD) - 2022/01/04 12:30:56 PT [2022/01/04 15:30:56 ET]
Table 'Xanthippe IV' 9-max Seat #4 is the button
Seat 1: okotokian1 ($2 in chips) 
Seat 2: 123Tip123 ($1.88 in chips) 
Seat 3: caesar778797 ($0.64 in chips) 
Seat 4: Dorex2007 ($2.59 in chips) 
Seat 5: Honk-Hoschi1978 ($1.39 in chips) 
Seat 6: piernen ($2.63 in chips) 
Seat 7: Axxxxx588 ($1 in chips) 
Seat 8: koupin ($1.64 in chips) 
Seat 9: ElGinoo1 ($2.89 in chips) 
Honk-Hoschi1978: posts small blind $0.01
piernen: posts big blind $0.02
*** HOLE CARDS ***
Dealt to Dorex2007 [5h 7s]
Axxxxx588: folds 
koupin: raises $0.03 to $0.05
ElGinoo1: raises $0.19 to $0.24
okotokian1: folds 
123Tip123: folds 
caesar778797: folds 
Dorex2007: folds 
Honk-Hoschi1978: folds 
piernen: folds 
koupin: folds 
Uncalled bet ($0.19) returned to ElGinoo1
ElGinoo1 collected $0.13 from pot
ElGinoo1: doesn't show hand 
*** SUMMARY ***
Total pot $0.13 | Rake $0 
Seat 1: okotokian1 folded before Flop (didn't bet)
Seat 2: 123Tip123 folded before Flop (didn't bet)
Seat 3: caesar778797 folded before Flop (didn't bet)
Seat 4: Dorex2007 (button) folded before Flop (didn't bet)
Seat 5: Honk-Hoschi1978 (small blind) folded before Flop
Seat 6: piernen (big blind) folded before Flop
Seat 7: Axxxxx588 folded before Flop (didn't bet)
Seat 8: koupin folded before Flop
Seat 9: ElGinoo1 collected ($0.13)



PokerStars Hand #232818234984:  Hold'em No Limit ($0.01/$0.02 USD) - 2022/01/04 12:31:27 PT [2022/01/04 15:31:27 ET]
Table 'Xanthippe IV' 9-max Seat #5 is the button
Seat 1: okotokian1 ($2 in chips) 
Seat 2: 123Tip123 ($1.88 in chips) 
Seat 3: caesar778797 ($0.64 in chips) 
Seat 4: Dorex2007 ($2.59 in chips) 
Seat 5: Honk-Hoschi1978 ($1.38 in chips) 
Seat 6: piernen ($2.61 in chips) 
Seat 7: Axxxxx588 ($1 in chips) 
Seat 8: koupin ($1.60 in chips) 
Seat 9: ElGinoo1 ($2.97 in chips) 
piernen: posts small blind $0.01
Axxxxx588: posts big blind $0.02
*** HOLE CARDS ***
Dealt to Dorex2007 [Ts 4h]
koupin: folds 
ElGinoo1: folds 
okotokian1: folds 
123Tip123: folds 
caesar778797: calls $0.02
Dorex2007: folds 
Honk-Hoschi1978: calls $0.02
piernen: calls $0.01
Axxxxx588: checks 
*** FLOP *** [6s 3c Jh]
piernen: checks 
Axxxxx588: checks 
caesar778797: bets $0.02
Honk-Hoschi1978: calls $0.02
piernen: folds 
Axxxxx588: folds 
*** TURN *** [6s 3c Jh] [Jc]
caesar778797: bets $0.06
Honk-Hoschi1978: calls $0.06
*** RIVER *** [6s 3c Jh Jc] [Ks]
caesar778797: bets $0.23
Honk-Hoschi1978: folds 
Uncalled bet ($0.23) returned to caesar778797
caesar778797 collected $0.23 from pot
*** SUMMARY ***
Total pot $0.24 | Rake $0.01 
Board [6s 3c Jh Jc Ks]
Seat 1: okotokian1 folded before Flop (didn't bet)
Seat 2: 123Tip123 folded before Flop (didn't bet)
Seat 3: caesar778797 collected ($0.23)
Seat 4: Dorex2007 folded before Flop (didn't bet)
Seat 5: Honk-Hoschi1978 (button) folded on the River
Seat 6: piernen (small blind) folded on the Flop
Seat 7: Axxxxx588 (big blind) folded on the Flop
Seat 8: koupin folded before Flop (didn't bet)
Seat 9: ElGinoo1 folded before Flop (didn't bet)



PokerStars Hand #232818265821:  Hold'em No Limit ($0.01/$0.02 USD) - 2022/01/04 12:32:15 PT [2022/01/04 15:32:15 ET]
Table 'Xanthippe IV' 9-max Seat #6 is the button
Seat 1: okotokian1 ($2 in chips) 
Seat 2: 123Tip123 ($1.88 in chips) 
Seat 3: caesar778797 ($0.77 in chips) 
Seat 4: Dorex2007 ($2.59 in chips) 
Seat 5: Honk-Hoschi1978 ($1.28 in chips) 
Seat 6: piernen ($2.59 in chips) 
Seat 7: Axxxxx588 ($0.98 in chips) 
Seat 8: koupin ($1.60 in chips) 
Seat 9: ElGinoo1 ($2.97 in chips) 
Axxxxx588: posts small blind $0.01
koupin: posts big blind $0.02
*** HOLE CARDS ***
Dealt to Dorex2007 [4d Ac]
ElGinoo1: raises $0.08 to $0.10
okotokian1: folds 
123Tip123: folds 
caesar778797: calls $0.10
Dorex2007: folds 
Honk-Hoschi1978: folds 
piernen: folds 
Axxxxx588: folds 
koupin: folds 
*** FLOP *** [5c Th 6c]
ElGinoo1: bets $0.18
caesar778797: calls $0.18
*** TURN *** [5c Th 6c] [8s]
ElGinoo1: bets $0.60
caesar778797: calls $0.49 and is all-in
Uncalled bet ($0.11) returned to ElGinoo1
*** RIVER *** [5c Th 6c 8s] [5s]
*** SHOW DOWN ***
ElGinoo1: shows [Qd Qc] (two pair, Queens and Fives)
caesar778797: shows [Kd 6h] (two pair, Sixes and Fives)
ElGinoo1 collected $1.52 from pot
*** SUMMARY ***
Total pot $1.57 | Rake $0.05 
Board [5c Th 6c 8s 5s]
Seat 1: okotokian1 folded before Flop (didn't bet)
Seat 2: 123Tip123 folded before Flop (didn't bet)
Seat 3: caesar778797 showed [Kd 6h] and lost with two pair, Sixes and Fives
Seat 4: Dorex2007 folded before Flop (didn't bet)
Seat 5: Honk-Hoschi1978 folded before Flop (didn't bet)
Seat 6: piernen (button) folded before Flop (didn't bet)
Seat 7: Axxxxx588 (small blind) folded before Flop
Seat 8: koupin (big blind) folded before Flop
Seat 9: ElGinoo1 showed [Qd Qc] and won ($1.52) with two pair, Queens and Fives



PokerStars Hand #232818289726:  Hold'em No Limit ($0.01/$0.02 USD) - 2022/01/04 12:32:53 PT [2022/01/04 15:32:53 ET]
Table 'Xanthippe IV' 9-max Seat #7 is the button
Seat 1: okotokian1 ($2 in chips) 
Seat 2: 123Tip123 ($1.88 in chips) 
Seat 4: Dorex2007 ($2.59 in chips) 
Seat 5: Honk-Hoschi1978 ($1.28 in chips) 
Seat 6: piernen ($2.59 in chips) 
Seat 7: Axxxxx588 ($0.97 in chips) 
Seat 8: koupin ($1.60 in chips) 
Seat 9: ElGinoo1 ($3.72 in chips) 
koupin: posts small blind $0.01
ElGinoo1: posts big blind $0.02
*** HOLE CARDS ***
Dealt to Dorex2007 [Kc As]
okotokian1: folds 
123Tip123: folds 
Dorex2007: raises $0.02 to $0.04
Honk-Hoschi1978: folds 
piernen: folds 
caesar778797 leaves the table
Axxxxx588: calls $0.04
koupin: folds 
ElGinoo1: folds 
*** FLOP *** [8s 5c 6d]
Dorex2007: bets $0.06
krylen4ik joins the table at seat #3 
Axxxxx588: folds 
Uncalled bet ($0.06) returned to Dorex2007
Dorex2007 collected $0.11 from pot
Dorex2007: doesn't show hand 
*** SUMMARY ***
Total pot $0.11 | Rake $0 
Board [8s 5c 6d]
Seat 1: okotokian1 folded before Flop (didn't bet)
Seat 2: 123Tip123 folded before Flop (didn't bet)
Seat 4: Dorex2007 collected ($0.11)
Seat 5: Honk-Hoschi1978 folded before Flop (didn't bet)
Seat 6: piernen folded before Flop (didn't bet)
Seat 7: Axxxxx588 (button) folded on the Flop
Seat 8: koupin (small blind) folded before Flop
Seat 9: ElGinoo1 (big blind) folded before Flop



PokerStars Hand #232818314015:  Hold'em No Limit ($0.01/$0.02 USD) - 2022/01/04 12:33:31 PT [2022/01/04 15:33:31 ET]
Table 'Xanthippe IV' 9-max Seat #8 is the button
Seat 1: okotokian1 ($2 in chips) 
Seat 2: 123Tip123 ($1.88 in chips) 
Seat 4: Dorex2007 ($2.66 in chips) 
Seat 5: Honk-Hoschi1978 ($1.28 in chips) 
Seat 6: piernen ($2.59 in chips) 
Seat 7: Axxxxx588 ($0.93 in chips) 
Seat 8: koupin ($1.60 in chips) 
Seat 9: ElGinoo1 ($3.70 in chips) 
ElGinoo1: posts small blind $0.01
okotokian1: posts big blind $0.02
krylen4ik: sits out 
*** HOLE CARDS ***
Dealt to Dorex2007 [4d 5h]
123Tip123: folds 
Dorex2007: folds 
Honk-Hoschi1978: folds 
piernen: folds 
Axxxxx588: folds 
koupin: folds 
ElGinoo1: folds 
Uncalled bet ($0.01) returned to okotokian1
okotokian1 collected $0.02 from pot
*** SUMMARY ***
Total pot $0.02 | Rake $0 
Seat 1: okotokian1 (big blind) collected ($0.02)
Seat 2: 123Tip123 folded before Flop (didn't bet)
Seat 4: Dorex2007 folded before Flop (didn't bet)
Seat 5: Honk-Hoschi1978 folded before Flop (didn't bet)
Seat 6: piernen folded before Flop (didn't bet)
Seat 7: Axxxxx588 folded before Flop (didn't bet)
Seat 8: koupin (button) folded before Flop (didn't bet)
Seat 9: ElGinoo1 (small blind) folded before Flop



PokerStars Hand #232818333290:  Hold'em No Limit ($0.01/$0.02 USD) - 2022/01/04 12:34:02 PT [2022/01/04 15:34:02 ET]
Table 'Xanthippe IV' 9-max Seat #9 is the button
Seat 1: okotokian1 ($2.01 in chips) 
Seat 2: 123Tip123 ($1.88 in chips) 
Seat 4: Dorex2007 ($2.66 in chips) 
Seat 5: Honk-Hoschi1978 ($1.28 in chips) 
Seat 6: piernen ($2.59 in chips) 
Seat 7: Axxxxx588 ($0.93 in chips) 
Seat 8: koupin ($1.60 in chips) 
Seat 9: ElGinoo1 ($3.69 in chips) 
okotokian1: posts small blind $0.01
123Tip123: posts big blind $0.02
krylen4ik: sits out 
*** HOLE CARDS ***
Dealt to Dorex2007 [Qs 4s]
Dorex2007: folds 
Honk-Hoschi1978: calls $0.02
piernen: calls $0.02
Axxxxx588: folds 
koupin: folds 
ElGinoo1: folds 
okotokian1: folds 
123Tip123: checks 
*** FLOP *** [2d Kh Qd]
123Tip123: checks 
Honk-Hoschi1978: bets $0.02
piernen: folds 
123Tip123: calls $0.02
*** TURN *** [2d Kh Qd] [4d]
123Tip123: checks 
Honk-Hoschi1978: bets $0.02
123Tip123: calls $0.02
*** RIVER *** [2d Kh Qd 4d] [9h]
123Tip123: checks 
Honk-Hoschi1978: bets $0.02
123Tip123: calls $0.02
*** SHOW DOWN ***
Honk-Hoschi1978: shows [Qh Ad] (a pair of Queens)
123Tip123: shows [Kc 8h] (a pair of Kings)
123Tip123 collected $0.18 from pot
*** SUMMARY ***
Total pot $0.19 | Rake $0.01 
Board [2d Kh Qd 4d 9h]
Seat 1: okotokian1 (small blind) folded before Flop
Seat 2: 123Tip123 (big blind) showed [Kc 8h] and won ($0.18) with a pair of Kings
Seat 4: Dorex2007 folded before Flop (didn't bet)
Seat 5: Honk-Hoschi1978 showed [Qh Ad] and lost with a pair of Queens
Seat 6: piernen folded on the Flop
Seat 7: Axxxxx588 folded before Flop (didn't bet)
Seat 8: koupin folded before Flop (didn't bet)
Seat 9: ElGinoo1 (button) folded before Flop (didn't bet)



PokerStars Hand #232818366137:  Hold'em No Limit ($0.01/$0.02 USD) - 2022/01/04 12:34:49 PT [2022/01/04 15:34:49 ET]
Table 'Xanthippe IV' 9-max Seat #1 is the button
Seat 1: okotokian1 ($2 in chips) 
Seat 2: 123Tip123 ($1.98 in chips) 
Seat 3: krylen4ik ($0.80 in chips) 
Seat 4: Dorex2007 ($2.66 in chips) 
Seat 5: Honk-Hoschi1978 ($1.20 in chips) 
Seat 6: piernen ($2.57 in chips) 
Seat 7: Axxxxx588 ($0.93 in chips) 
Seat 8: koupin ($1.60 in chips) 
Seat 9: ElGinoo1 ($3.69 in chips) 
123Tip123: posts small blind $0.01
krylen4ik: posts big blind $0.02
*** HOLE CARDS ***
Dealt to Dorex2007 [7s 4d]
Dorex2007: folds 
Honk-Hoschi1978: folds 
piernen: folds 
Axxxxx588: folds 
koupin: raises $0.03 to $0.05
ElGinoo1: folds 
okotokian1: folds 
123Tip123: calls $0.04
krylen4ik: folds 
*** FLOP *** [Ad 4s 3d]
123Tip123: checks 
koupin: bets $0.06
123Tip123: folds 
Uncalled bet ($0.06) returned to koupin
koupin collected $0.12 from pot
koupin: doesn't show hand 
*** SUMMARY ***
Total pot $0.12 | Rake $0 
Board [Ad 4s 3d]
Seat 1: okotokian1 (button) folded before Flop (didn't bet)
Seat 2: 123Tip123 (small blind) folded on the Flop
Seat 3: krylen4ik (big blind) folded before Flop
Seat 4: Dorex2007 folded before Flop (didn't bet)
Seat 5: Honk-Hoschi1978 folded before Flop (didn't bet)
Seat 6: piernen folded before Flop (didn't bet)
Seat 7: Axxxxx588 folded before Flop (didn't bet)
Seat 8: koupin collected ($0.12)
Seat 9: ElGinoo1 folded before Flop (didn't bet)



PokerStars Hand #232818385291:  Hold'em No Limit ($0.01/$0.02 USD) - 2022/01/04 12:35:19 PT [2022/01/04 15:35:19 ET]
Table 'Xanthippe IV' 9-max Seat #2 is the button
Seat 1: okotokian1 ($2 in chips) 
Seat 2: 123Tip123 ($1.93 in chips) 
Seat 3: krylen4ik ($0.78 in chips) 
Seat 4: Dorex2007 ($2.66 in chips) 
Seat 5: Honk-Hoschi1978 ($1.20 in chips) 
Seat 6: piernen ($2.57 in chips) 
Seat 7: Axxxxx588 ($0.93 in chips) 
Seat 8: koupin ($1.67 in chips) 
Seat 9: ElGinoo1 ($3.69 in chips) 
krylen4ik: posts small blind $0.01
Dorex2007: posts big blind $0.02
*** HOLE CARDS ***
Dealt to Dorex2007 [Ac Kc]
Honk-Hoschi1978: folds 
piernen: calls $0.02
Axxxxx588: folds 
koupin: folds 
ElGinoo1: folds 
okotokian1: calls $0.02
123Tip123: folds 
krylen4ik: folds 
Dorex2007: checks 
*** FLOP *** [6h 4h 3h]
Dorex2007: checks 
piernen: checks 
okotokian1: checks 
*** TURN *** [6h 4h 3h] [2s]
Dorex2007: bets $0.04
piernen: folds 
okotokian1: calls $0.04
*** RIVER *** [6h 4h 3h 2s] [9c]
Dorex2007: bets $0.07
okotokian1: raises $0.14 to $0.21
Dorex2007: folds 
Uncalled bet ($0.14) returned to okotokian1
okotokian1 collected $0.28 from pot
*** SUMMARY ***
Total pot $0.29 | Rake $0.01 
Board [6h 4h 3h 2s 9c]
Seat 1: okotokian1 collected ($0.28)
Seat 2: 123Tip123 (button) folded before Flop (didn't bet)
Seat 3: krylen4ik (small blind) folded before Flop
Seat 4: Dorex2007 (big blind) folded on the River
Seat 5: Honk-Hoschi1978 folded before Flop (didn't bet)
Seat 6: piernen folded on the Turn
Seat 7: Axxxxx588 folded before Flop (didn't bet)
Seat 8: koupin folded before Flop (didn't bet)
Seat 9: ElGinoo1 folded before Flop (didn't bet)



PokerStars Hand #232818421171:  Hold'em No Limit ($0.01/$0.02 USD) - 2022/01/04 12:36:16 PT [2022/01/04 15:36:16 ET]
Table 'Xanthippe IV' 9-max Seat #3 is the button
Seat 1: okotokian1 ($2.15 in chips) 
Seat 2: 123Tip123 ($1.93 in chips) 
Seat 3: krylen4ik ($0.77 in chips) 
Seat 4: Dorex2007 ($2.53 in chips) 
Seat 5: Honk-Hoschi1978 ($1.20 in chips) 
Seat 6: piernen ($2.55 in chips) 
Seat 7: Axxxxx588 ($0.93 in chips) 
Seat 8: koupin ($1.67 in chips) 
Seat 9: ElGinoo1 ($3.69 in chips) 
Dorex2007: posts small blind $0.01
Honk-Hoschi1978: posts big blind $0.02
*** HOLE CARDS ***
Dealt to Dorex2007 [Kd 8h]
piernen: raises $0.02 to $0.04
Axxxxx588: folds 
koupin: folds 
ElGinoo1: folds 
okotokian1: folds 
123Tip123: calls $0.04
krylen4ik: folds 
Dorex2007: folds 
Honk-Hoschi1978: calls $0.02
*** FLOP *** [4d 2s Kh]
Honk-Hoschi1978: checks 
piernen: bets $0.08
123Tip123: folds 
Honk-Hoschi1978: calls $0.08
*** TURN *** [4d 2s Kh] [9h]
Honk-Hoschi1978: checks 
piernen: bets $0.28
Honk-Hoschi1978: folds 
Uncalled bet ($0.28) returned to piernen
piernen collected $0.28 from pot
piernen: doesn't show hand 
*** SUMMARY ***
Total pot $0.29 | Rake $0.01 
Board [4d 2s Kh 9h]
Seat 1: okotokian1 folded before Flop (didn't bet)
Seat 2: 123Tip123 folded on the Flop
Seat 3: krylen4ik (button) folded before Flop (didn't bet)
Seat 4: Dorex2007 (small blind) folded before Flop
Seat 5: Honk-Hoschi1978 (big blind) folded on the Turn
Seat 6: piernen collected ($0.28)
Seat 7: Axxxxx588 folded before Flop (didn't bet)
Seat 8: koupin folded before Flop (didn't bet)
Seat 9: ElGinoo1 folded before Flop (didn't bet)



PokerStars Hand #232818455502:  Hold'em No Limit ($0.01/$0.02 USD) - 2022/01/04 12:37:10 PT [2022/01/04 15:37:10 ET]
Table 'Xanthippe IV' 9-max Seat #4 is the button
Seat 1: okotokian1 ($2.15 in chips) 
Seat 2: 123Tip123 ($1.89 in chips) 
Seat 3: krylen4ik ($0.77 in chips) 
Seat 4: Dorex2007 ($2.52 in chips) 
Seat 5: Honk-Hoschi1978 ($1.08 in chips) 
Seat 6: piernen ($2.71 in chips) 
Seat 7: Axxxxx588 ($0.93 in chips) 
Seat 8: koupin ($1.67 in chips) 
Honk-Hoschi1978: posts small blind $0.01
piernen: posts big blind $0.02
*** HOLE CARDS ***
Dealt to Dorex2007 [Ks 2h]
Axxxxx588: folds 
koupin: raises $0.03 to $0.05
okotokian1: folds 
123Tip123: folds 
krylen4ik: folds 
Dorex2007: folds 
Honk-Hoschi1978: raises $0.03 to $0.08
piernen: folds 
koupin: calls $0.03
*** FLOP *** [Qd 2d Qs]
Honk-Hoschi1978: bets $0.02
koupin: calls $0.02
*** TURN *** [Qd 2d Qs] [3c]
Honk-Hoschi1978: checks 
koupin: checks 
*** RIVER *** [Qd 2d Qs 3c] [Tc]
Honk-Hoschi1978: bets $0.02
koupin: folds 
Uncalled bet ($0.02) returned to Honk-Hoschi1978
Honk-Hoschi1978 collected $0.21 from pot
*** SUMMARY ***
Total pot $0.22 | Rake $0.01 
Board [Qd 2d Qs 3c Tc]
Seat 1: okotokian1 folded before Flop (didn't bet)
Seat 2: 123Tip123 folded before Flop (didn't bet)
Seat 3: krylen4ik folded before Flop (didn't bet)
Seat 4: Dorex2007 (button) folded before Flop (didn't bet)
Seat 5: Honk-Hoschi1978 (small blind) collected ($0.21)
Seat 6: piernen (big blind) folded before Flop
Seat 7: Axxxxx588 folded before Flop (didn't bet)
Seat 8: koupin folded on the River



PokerStars Hand #232818490360:  Hold'em No Limit ($0.01/$0.02 USD) - 2022/01/04 12:38:04 PT [2022/01/04 15:38:04 ET]
Table 'Xanthippe IV' 9-max Seat #5 is the button
Seat 1: okotokian1 ($2.15 in chips) 
Seat 2: 123Tip123 ($1.89 in chips) 
Seat 3: krylen4ik ($0.77 in chips) 
Seat 4: Dorex2007 ($2.52 in chips) 
Seat 5: Honk-Hoschi1978 ($1.19 in chips) 
Seat 6: piernen ($2.69 in chips) 
Seat 7: Axxxxx588 ($0.93 in chips) 
Seat 8: koupin ($1.60 in chips) 
piernen: posts small blind $0.01
Axxxxx588: posts big blind $0.02
*** HOLE CARDS ***
Dealt to Dorex2007 [7c Kc]
koupin: folds 
okotokian1: folds 
123Tip123: folds 
krylen4ik: folds 
Dorex2007: folds 
Honk-Hoschi1978: calls $0.02
piernen: calls $0.01
Axxxxx588: checks 
*** FLOP *** [7d 6d Jh]
piernen: bets $0.02
Axxxxx588: calls $0.02
Honk-Hoschi1978: calls $0.02
*** TURN *** [7d 6d Jh] [Ts]
piernen: bets $0.04
Axxxxx588: calls $0.04
Honk-Hoschi1978: raises $0.04 to $0.08
piernen: folds 
Axxxxx588: calls $0.04
*** RIVER *** [7d 6d Jh Ts] [Qh]
Axxxxx588: bets $0.12
Honk-Hoschi1978: calls $0.12
*** SHOW DOWN ***
Axxxxx588: shows [6h 6s] (three of a kind, Sixes)
Honk-Hoschi1978: mucks hand 
Axxxxx588 collected $0.54 from pot
*** SUMMARY ***
Total pot $0.56 | Rake $0.02 
Board [7d 6d Jh Ts Qh]
Seat 1: okotokian1 folded before Flop (didn't bet)
Seat 2: 123Tip123 folded before Flop (didn't bet)
Seat 3: krylen4ik folded before Flop (didn't bet)
Seat 4: Dorex2007 folded before Flop (didn't bet)
Seat 5: Honk-Hoschi1978 (button) mucked [Js 9s]
Seat 6: piernen (small blind) folded on the Turn
Seat 7: Axxxxx588 (big blind) showed [6h 6s] and won ($0.54) with three of a kind, Sixes
Seat 8: koupin folded before Flop (didn't bet)



PokerStars Hand #232818547712:  Hold'em No Limit ($0.01/$0.02 USD) - 2022/01/04 12:39:35 PT [2022/01/04 15:39:35 ET]
Table 'Xanthippe IV' 9-max Seat #6 is the button
Seat 1: okotokian1 ($2.15 in chips) 
Seat 2: 123Tip123 ($1.89 in chips) 
Seat 3: krylen4ik ($0.77 in chips) 
Seat 4: Dorex2007 ($2.52 in chips) 
Seat 5: Honk-Hoschi1978 ($0.95 in chips) 
Seat 6: piernen ($2.61 in chips) 
Seat 7: Axxxxx588 ($1.23 in chips) 
Seat 8: koupin ($1.60 in chips) 
Axxxxx588: posts small blind $0.01
koupin: posts big blind $0.02
*** HOLE CARDS ***
Dealt to Dorex2007 [3d 3c]
okotokian1: folds 
123Tip123: folds 
krylen4ik: folds 
Dorex2007: raises $0.04 to $0.06
Honk-Hoschi1978: folds 
piernen: folds 
Axxxxx588: folds 
koupin: folds 
Uncalled bet ($0.04) returned to Dorex2007
Dorex2007 collected $0.05 from pot
Dorex2007: doesn't show hand 
*** SUMMARY ***
Total pot $0.05 | Rake $0 
Seat 1: okotokian1 folded before Flop (didn't bet)
Seat 2: 123Tip123 folded before Flop (didn't bet)
Seat 3: krylen4ik folded before Flop (didn't bet)
Seat 4: Dorex2007 collected ($0.05)
Seat 5: Honk-Hoschi1978 folded before Flop (didn't bet)
Seat 6: piernen (button) folded before Flop (didn't bet)
Seat 7: Axxxxx588 (small blind) folded before Flop
Seat 8: koupin (big blind) folded before Flop



PokerStars Hand #232818564194:  Hold'em No Limit ($0.01/$0.02 USD) - 2022/01/04 12:40:01 PT [2022/01/04 15:40:01 ET]
Table 'Xanthippe IV' 9-max Seat #7 is the button
Seat 1: okotokian1 ($2.15 in chips) 
Seat 2: 123Tip123 ($1.89 in chips) 
Seat 3: krylen4ik ($0.77 in chips) 
Seat 4: Dorex2007 ($2.55 in chips) 
Seat 5: Honk-Hoschi1978 ($0.95 in chips) 
Seat 6: piernen ($2.61 in chips) 
Seat 7: Axxxxx588 ($1.22 in chips) 
Seat 8: koupin ($1.60 in chips) 
koupin: posts small blind $0.01
okotokian1: posts big blind $0.02
*** HOLE CARDS ***
Dealt to Dorex2007 [2c 8d]
123Tip123: folds 
krylen4ik: folds 
Dorex2007: folds 
Honk-Hoschi1978: folds 
123Tip123 leaves the table
piernen: folds 
Axxxxx588: folds 
koupin: folds 
Uncalled bet ($0.01) returned to okotokian1
okotokian1 collected $0.02 from pot
*** SUMMARY ***
Total pot $0.02 | Rake $0 
Seat 1: okotokian1 (big blind) collected ($0.02)
Seat 2: 123Tip123 folded before Flop (didn't bet)
Seat 3: krylen4ik folded before Flop (didn't bet)
Seat 4: Dorex2007 folded before Flop (didn't bet)
Seat 5: Honk-Hoschi1978 folded before Flop (didn't bet)
Seat 6: piernen folded before Flop (didn't bet)
Seat 7: Axxxxx588 (button) folded before Flop (didn't bet)
Seat 8: koupin (small blind) folded before Flop



PokerStars Hand #232818573038:  Hold'em No Limit ($0.01/$0.02 USD) - 2022/01/04 12:40:15 PT [2022/01/04 15:40:15 ET]
Table 'Xanthippe IV' 9-max Seat #8 is the button
Seat 1: okotokian1 ($2.16 in chips) 
Seat 3: krylen4ik ($0.77 in chips) 
Seat 4: Dorex2007 ($2.55 in chips) 
Seat 5: Honk-Hoschi1978 ($0.95 in chips) 
Seat 6: piernen ($2.61 in chips) 
Seat 7: Axxxxx588 ($1.22 in chips) 
Seat 8: koupin ($1.60 in chips) 
okotokian1: posts small blind $0.01
krylen4ik: posts big blind $0.02
*** HOLE CARDS ***
Dealt to Dorex2007 [2h 4d]
Dorex2007: folds 
Honk-Hoschi1978: folds 
piernen: calls $0.02
Axxxxx588: folds 
koupin: raises $0.03 to $0.05
rmoliveira25 joins the table at seat #2 
okotokian1: folds 
krylen4ik: folds 
piernen: calls $0.03
*** FLOP *** [5h 8c 3s]
piernen: checks 
koupin: bets $0.07
piernen: calls $0.07
*** TURN *** [5h 8c 3s] [2c]
piernen: checks 
koupin: checks 
*** RIVER *** [5h 8c 3s 2c] [Jd]
piernen: bets $0.16
koupin: folds 
Uncalled bet ($0.16) returned to piernen
piernen collected $0.26 from pot
piernen: doesn't show hand 
*** SUMMARY ***
Total pot $0.27 | Rake $0.01 
Board [5h 8c 3s 2c Jd]
Seat 1: okotokian1 (small blind) folded before Flop
Seat 3: krylen4ik (big blind) folded before Flop
Seat 4: Dorex2007 folded before Flop (didn't bet)
Seat 5: Honk-Hoschi1978 folded before Flop (didn't bet)
Seat 6: piernen collected ($0.26)
Seat 7: Axxxxx588 folded before Flop (didn't bet)
Seat 8: koupin (button) folded on the River



PokerStars Hand #232818617350:  Hold'em No Limit ($0.01/$0.02 USD) - 2022/01/04 12:41:25 PT [2022/01/04 15:41:25 ET]
Table 'Xanthippe IV' 9-max Seat #1 is the button
Seat 1: okotokian1 ($2.15 in chips) 
Seat 3: krylen4ik ($0.75 in chips) 
Seat 4: Dorex2007 ($2.55 in chips) 
Seat 5: Honk-Hoschi1978 ($0.95 in chips) 
Seat 6: piernen ($2.75 in chips) 
Seat 7: Axxxxx588 ($1.22 in chips) 
Seat 8: koupin ($1.60 in chips) 
krylen4ik: posts small blind $0.01
Dorex2007: posts big blind $0.02
*** HOLE CARDS ***
Dealt to Dorex2007 [Ts 8c]
Honk-Hoschi1978: folds 
piernen: folds 
Axxxxx588: folds 
koupin: folds 
okotokian1: folds 
krylen4ik: folds 
Uncalled bet ($0.01) returned to Dorex2007
Dorex2007 collected $0.02 from pot
Dorex2007: doesn't show hand 
*** SUMMARY ***
Total pot $0.02 | Rake $0 
Seat 1: okotokian1 (button) folded before Flop (didn't bet)
Seat 3: krylen4ik (small blind) folded before Flop
Seat 4: Dorex2007 (big blind) collected ($0.02)
Seat 5: Honk-Hoschi1978 folded before Flop (didn't bet)
Seat 6: piernen folded before Flop (didn't bet)
Seat 7: Axxxxx588 folded before Flop (didn't bet)
Seat 8: koupin folded before Flop (didn't bet)



PokerStars Hand #232818626462:  Hold'em No Limit ($0.01/$0.02 USD) - 2022/01/04 12:41:39 PT [2022/01/04 15:41:39 ET]
Table 'Xanthippe IV' 9-max Seat #3 is the button
Seat 1: okotokian1 ($2.15 in chips) 
Seat 2: rmoliveira25 ($1.34 in chips) 
Seat 3: krylen4ik ($0.74 in chips) 
Seat 4: Dorex2007 ($2.56 in chips) 
Seat 5: Honk-Hoschi1978 ($0.95 in chips) 
Seat 6: piernen ($2.75 in chips) 
Seat 7: Axxxxx588 ($1.22 in chips) 
Seat 8: koupin ($1.60 in chips) 
Dorex2007: posts small blind $0.01
Honk-Hoschi1978: posts big blind $0.02
rmoliveira25: posts big blind $0.02
*** HOLE CARDS ***
Dealt to Dorex2007 [9h 6s]
piernen: folds 
Axxxxx588: calls $0.02
koupin: folds 
okotokian1: folds 
rmoliveira25: checks 
krylen4ik: folds 
Dorex2007: calls $0.01
Honk-Hoschi1978: checks 
*** FLOP *** [Ks Ad 8s]
Dorex2007: checks 
Honk-Hoschi1978: checks 
Axxxxx588: checks 
rmoliveira25: checks 
*** TURN *** [Ks Ad 8s] [2s]
Dorex2007: checks 
Honk-Hoschi1978: checks 
Axxxxx588: bets $0.05
rmoliveira25: folds 
Dorex2007: folds 
Honk-Hoschi1978: folds 
Uncalled bet ($0.05) returned to Axxxxx588
Axxxxx588 collected $0.08 from pot
Axxxxx588: doesn't show hand 
*** SUMMARY ***
Total pot $0.08 | Rake $0 
Board [Ks Ad 8s 2s]
Seat 1: okotokian1 folded before Flop (didn't bet)
Seat 2: rmoliveira25 folded on the Turn (didn't bet)
Seat 3: krylen4ik (button) folded before Flop (didn't bet)
Seat 4: Dorex2007 (small blind) folded on the Turn
Seat 5: Honk-Hoschi1978 (big blind) folded on the Turn
Seat 6: piernen folded before Flop (didn't bet)
Seat 7: Axxxxx588 collected ($0.08)
Seat 8: koupin folded before Flop (didn't bet)



PokerStars Hand #232818677138:  Hold'em No Limit ($0.01/$0.02 USD) - 2022/01/04 12:42:55 PT [2022/01/04 15:42:55 ET]
Table 'Xanthippe IV' 9-max Seat #4 is the button
Seat 1: okotokian1 ($2.15 in chips) 
Seat 2: rmoliveira25 ($1.32 in chips) 
Seat 3: krylen4ik ($0.74 in chips) 
Seat 4: Dorex2007 ($2.54 in chips) 
Seat 5: Honk-Hoschi1978 ($0.93 in chips) 
Seat 6: piernen ($2.75 in chips) 
Seat 7: Axxxxx588 ($1.28 in chips) 
Seat 8: koupin ($1.60 in chips) 
Honk-Hoschi1978: posts small blind $0.01
piernen: posts big blind $0.02
*** HOLE CARDS ***
Dealt to Dorex2007 [9c 6d]
Axxxxx588: folds 
koupin: folds 
okotokian1: folds 
rmoliveira25: folds 
krylen4ik: folds 
Dorex2007: folds 
Honk-Hoschi1978: calls $0.01
piernen: checks 
*** FLOP *** [Ad 2h Ks]
Honk-Hoschi1978: checks 
piernen: checks 
*** TURN *** [Ad 2h Ks] [4c]
Honk-Hoschi1978: checks 
piernen: bets $0.02
Honk-Hoschi1978: calls $0.02
*** RIVER *** [Ad 2h Ks 4c] [7c]
Honk-Hoschi1978: checks 
piernen: checks 
*** SHOW DOWN ***
Honk-Hoschi1978: shows [5d Ac] (a pair of Aces)
piernen: mucks hand 
Honk-Hoschi1978 collected $0.08 from pot
*** SUMMARY ***
Total pot $0.08 | Rake $0 
Board [Ad 2h Ks 4c 7c]
Seat 1: okotokian1 folded before Flop (didn't bet)
Seat 2: rmoliveira25 folded before Flop (didn't bet)
Seat 3: krylen4ik folded before Flop (didn't bet)
Seat 4: Dorex2007 (button) folded before Flop (didn't bet)
Seat 5: Honk-Hoschi1978 (small blind) showed [5d Ac] and won ($0.08) with a pair of Aces
Seat 6: piernen (big blind) mucked [Qh 3d]
Seat 7: Axxxxx588 folded before Flop (didn't bet)
Seat 8: koupin folded before Flop (didn't bet)



PokerStars Hand #232818710013:  Hold'em No Limit ($0.01/$0.02 USD) - 2022/01/04 12:43:40 PT [2022/01/04 15:43:40 ET]
Table 'Xanthippe IV' 9-max Seat #5 is the button
Seat 1: okotokian1 ($2.15 in chips) 
Seat 3: krylen4ik ($0.74 in chips) 
Seat 4: Dorex2007 ($2.54 in chips) 
Seat 5: Honk-Hoschi1978 ($0.97 in chips) 
Seat 6: piernen ($2.71 in chips) 
Seat 7: Axxxxx588 ($1.28 in chips) 
Seat 8: koupin ($1.60 in chips) 
piernen: posts small blind $0.01
Axxxxx588: posts big blind $0.02
*** HOLE CARDS ***
Dealt to Dorex2007 [Tc Ah]
koupin: folds 
okotokian1: folds 
krylen4ik: folds 
Dorex2007: raises $0.02 to $0.04
Honk-Hoschi1978: calls $0.04
piernen: calls $0.03
Axxxxx588: calls $0.02
*** FLOP *** [3d As 3s]
piernen: checks 
Axxxxx588: checks 
Dorex2007: bets $0.10
Honk-Hoschi1978: calls $0.10
piernen: calls $0.10
Axxxxx588: folds 
*** TURN *** [3d As 3s] [Qd]
piernen: checks 
Dorex2007: bets $0.14
Honk-Hoschi1978: calls $0.14
piernen: folds 
*** RIVER *** [3d As 3s Qd] [9s]
Dorex2007: bets $0.71
Honk-Hoschi1978: folds 
Uncalled bet ($0.71) returned to Dorex2007
Dorex2007 collected $0.71 from pot
Dorex2007: doesn't show hand 
*** SUMMARY ***
Total pot $0.74 | Rake $0.03 
Board [3d As 3s Qd 9s]
Seat 1: okotokian1 folded before Flop (didn't bet)
Seat 3: krylen4ik folded before Flop (didn't bet)
Seat 4: Dorex2007 collected ($0.71)
Seat 5: Honk-Hoschi1978 (button) folded on the River
Seat 6: piernen (small blind) folded on the Turn
Seat 7: Axxxxx588 (big blind) folded on the Flop
Seat 8: koupin folded before Flop (didn't bet)



PokerStars Hand #232818758941:  Hold'em No Limit ($0.01/$0.02 USD) - 2022/01/04 12:44:58 PT [2022/01/04 15:44:58 ET]
Table 'Xanthippe IV' 9-max Seat #6 is the button
Seat 1: okotokian1 ($2.15 in chips) 
Seat 3: krylen4ik ($0.74 in chips) 
Seat 4: Dorex2007 ($2.97 in chips) 
Seat 5: Honk-Hoschi1978 ($0.69 in chips) 
Seat 6: piernen ($2.57 in chips) 
Seat 7: Axxxxx588 ($1.24 in chips) 
Seat 8: koupin ($1.60 in chips) 
Axxxxx588: posts small blind $0.01
koupin: posts big blind $0.02
*** HOLE CARDS ***
Dealt to Dorex2007 [Jc 7c]
okotokian1: folds 
krylen4ik: folds 
Dorex2007: folds 
Honk-Hoschi1978: calls $0.02
piernen: calls $0.02
Axxxxx588: folds 
koupin: checks 
*** FLOP *** [5h 6s 8d]
koupin: checks 
Honk-Hoschi1978: bets $0.02
piernen: calls $0.02
koupin: folds 
*** TURN *** [5h 6s 8d] [5c]
Honk-Hoschi1978: bets $0.02
piernen: calls $0.02
*** RIVER *** [5h 6s 8d 5c] [Ac]
Honk-Hoschi1978: bets $0.02
piernen: raises $0.10 to $0.12
Honk-Hoschi1978: folds 
Uncalled bet ($0.10) returned to piernen
piernen collected $0.18 from pot
piernen: doesn't show hand 
*** SUMMARY ***
Total pot $0.19 | Rake $0.01 
Board [5h 6s 8d 5c Ac]
Seat 1: okotokian1 folded before Flop (didn't bet)
Seat 3: krylen4ik folded before Flop (didn't bet)
Seat 4: Dorex2007 folded before Flop (didn't bet)
Seat 5: Honk-Hoschi1978 folded on the River
Seat 6: piernen (button) collected ($0.18)
Seat 7: Axxxxx588 (small blind) folded before Flop
Seat 8: koupin (big blind) folded on the Flop



PokerStars Hand #232818784869:  Hold'em No Limit ($0.01/$0.02 USD) - 2022/01/04 12:45:39 PT [2022/01/04 15:45:39 ET]
Table 'Xanthippe IV' 9-max Seat #7 is the button
Seat 1: okotokian1 ($2.15 in chips) 
Seat 3: krylen4ik ($0.74 in chips) 
Seat 4: Dorex2007 ($2.97 in chips) 
Seat 5: Honk-Hoschi1978 ($0.61 in chips) 
Seat 6: piernen ($2.67 in chips) 
Seat 7: Axxxxx588 ($1.23 in chips) 
Seat 8: koupin ($1.60 in chips) 
koupin: posts small blind $0.01
okotokian1: posts big blind $0.02
*** HOLE CARDS ***
Dealt to Dorex2007 [Jh 2h]
krylen4ik: folds 
Dorex2007: folds 
Honk-Hoschi1978: folds 
piernen: folds 
Axxxxx588: calls $0.02
koupin: folds 
Honk-Hoschi1978 leaves the table
okotokian1: checks 
*** FLOP *** [8c Ad 5d]
okotokian1: checks 
Axxxxx588: bets $0.02
okotokian1: folds 
Uncalled bet ($0.02) returned to Axxxxx588
Axxxxx588 collected $0.05 from pot
jharab51 joins the table at seat #5 
Axxxxx588: doesn't show hand 
*** SUMMARY ***
Total pot $0.05 | Rake $0 
Board [8c Ad 5d]
Seat 1: okotokian1 (big blind) folded on the Flop
Seat 3: krylen4ik folded before Flop (didn't bet)
Seat 4: Dorex2007 folded before Flop (didn't bet)
Seat 5: Honk-Hoschi1978 folded before Flop (didn't bet)
Seat 6: piernen folded before Flop (didn't bet)
Seat 7: Axxxxx588 (button) collected ($0.05)
Seat 8: koupin (small blind) folded before Flop



PokerStars Hand #232818803177:  Hold'em No Limit ($0.01/$0.02 USD) - 2022/01/04 12:46:08 PT [2022/01/04 15:46:08 ET]
Table 'Xanthippe IV' 9-max Seat #8 is the button
Seat 1: okotokian1 ($2.13 in chips) 
Seat 3: krylen4ik ($0.74 in chips) 
Seat 4: Dorex2007 ($2.97 in chips) 
Seat 6: piernen ($2.67 in chips) 
Seat 7: Axxxxx588 ($1.26 in chips) 
Seat 8: koupin ($1.60 in chips) 
okotokian1: posts small blind $0.01
krylen4ik: posts big blind $0.02
jharab51: sits out 
*** HOLE CARDS ***
Dealt to Dorex2007 [5h 9c]
Dorex2007: folds 
piernen: folds 
Axxxxx588: folds 
koupin: raises $0.03 to $0.05
okotokian1: folds 
krylen4ik: folds 
Uncalled bet ($0.03) returned to koupin
koupin collected $0.05 from pot
koupin: doesn't show hand 
*** SUMMARY ***
Total pot $0.05 | Rake $0 
Seat 1: okotokian1 (small blind) folded before Flop
Seat 3: krylen4ik (big blind) folded before Flop
Seat 4: Dorex2007 folded before Flop (didn't bet)
Seat 6: piernen folded before Flop (didn't bet)
Seat 7: Axxxxx588 folded before Flop (didn't bet)
Seat 8: koupin (button) collected ($0.05)



PokerStars Hand #232818811895:  Hold'em No Limit ($0.01/$0.02 USD) - 2022/01/04 12:46:22 PT [2022/01/04 15:46:22 ET]
Table 'Xanthippe IV' 9-max Seat #1 is the button
Seat 1: okotokian1 ($2.12 in chips) 
Seat 3: krylen4ik ($0.72 in chips) 
Seat 4: Dorex2007 ($2.97 in chips) 
Seat 6: piernen ($2.67 in chips) 
Seat 7: Axxxxx588 ($1.26 in chips) 
Seat 8: koupin ($1.63 in chips) 
krylen4ik: posts small blind $0.01
Dorex2007: posts big blind $0.02
jharab51: sits out 
*** HOLE CARDS ***
Dealt to Dorex2007 [Kc 4s]
piernen: raises $0.02 to $0.04
Axxxxx588: folds 
koupin: folds 
okotokian1: folds 
krylen4ik: folds 
Dorex2007: folds 
Uncalled bet ($0.02) returned to piernen
piernen collected $0.05 from pot
piernen: doesn't show hand 
*** SUMMARY ***
Total pot $0.05 | Rake $0 
Seat 1: okotokian1 (button) folded before Flop (didn't bet)
Seat 3: krylen4ik (small blind) folded before Flop
Seat 4: Dorex2007 (big blind) folded before Flop
Seat 6: piernen collected ($0.05)
Seat 7: Axxxxx588 folded before Flop (didn't bet)
Seat 8: koupin folded before Flop (didn't bet)



PokerStars Hand #232818829745:  Hold'em No Limit ($0.01/$0.02 USD) - 2022/01/04 12:46:51 PT [2022/01/04 15:46:51 ET]
Table 'Xanthippe IV' 9-max Seat #3 is the button
Seat 1: okotokian1 ($2.12 in chips) 
Seat 3: krylen4ik ($0.71 in chips) 
Seat 4: Dorex2007 ($2.95 in chips) 
Seat 5: jharab51 ($2 in chips) 
Seat 6: piernen ($2.70 in chips) 
Seat 7: Axxxxx588 ($1.26 in chips) 
Seat 8: koupin ($1.63 in chips) 
Dorex2007: posts small blind $0.01
jharab51: posts big blind $0.02
*** HOLE CARDS ***
Dealt to Dorex2007 [Qc 7c]
piernen: raises $0.02 to $0.04
Axxxxx588: folds 
koupin: calls $0.04
okotokian1: folds 
krylen4ik: folds 
Dorex2007: folds 
jharab51: folds 
*** FLOP *** [8s Ad Kd]
piernen: checks 
koupin: checks 
*** TURN *** [8s Ad Kd] [9s]
piernen: bets $0.04
koupin: calls $0.04
*** RIVER *** [8s Ad Kd 9s] [Kh]
piernen: checks 
koupin: checks 
*** SHOW DOWN ***
piernen: shows [Jc 9c] (two pair, Kings and Nines)
koupin: shows [Jd As] (two pair, Aces and Kings)
koupin collected $0.18 from pot
*** SUMMARY ***
Total pot $0.19 | Rake $0.01 
Board [8s Ad Kd 9s Kh]
Seat 1: okotokian1 folded before Flop (didn't bet)
Seat 3: krylen4ik (button) folded before Flop (didn't bet)
Seat 4: Dorex2007 (small blind) folded before Flop
Seat 5: jharab51 (big blind) folded before Flop
Seat 6: piernen showed [Jc 9c] and lost with two pair, Kings and Nines
Seat 7: Axxxxx588 folded before Flop (didn't bet)
Seat 8: koupin showed [Jd As] and won ($0.18) with two pair, Aces and Kings



PokerStars Hand #232818857562:  Hold'em No Limit ($0.01/$0.02 USD) - 2022/01/04 12:47:35 PT [2022/01/04 15:47:35 ET]
Table 'Xanthippe IV' 9-max Seat #4 is the button
Seat 1: okotokian1 ($2.12 in chips) 
Seat 3: krylen4ik ($0.71 in chips) 
Seat 4: Dorex2007 ($2.94 in chips) 
Seat 5: jharab51 ($1.98 in chips) 
Seat 6: piernen ($2.62 in chips) 
Seat 7: Axxxxx588 ($1.26 in chips) 
Seat 8: koupin ($1.73 in chips) 
jharab51: posts small blind $0.01
piernen: posts big blind $0.02
*** HOLE CARDS ***
Dealt to Dorex2007 [9d 8s]
Axxxxx588: folds 
koupin: raises $0.03 to $0.05
okotokian1: folds 
krylen4ik: folds 
Dorex2007: folds 
jharab51: folds 
piernen: folds 
Uncalled bet ($0.03) returned to koupin
koupin collected $0.05 from pot
koupin: doesn't show hand 
*** SUMMARY ***
Total pot $0.05 | Rake $0 
Seat 1: okotokian1 folded before Flop (didn't bet)
Seat 3: krylen4ik folded before Flop (didn't bet)
Seat 4: Dorex2007 (button) folded before Flop (didn't bet)
Seat 5: jharab51 (small blind) folded before Flop
Seat 6: piernen (big blind) folded before Flop
Seat 7: Axxxxx588 folded before Flop (didn't bet)
Seat 8: koupin collected ($0.05)



PokerStars Hand #232818872763:  Hold'em No Limit ($0.01/$0.02 USD) - 2022/01/04 12:47:59 PT [2022/01/04 15:47:59 ET]
Table 'Xanthippe IV' 9-max Seat #5 is the button
Seat 1: okotokian1 ($2.12 in chips) 
Seat 3: krylen4ik ($0.71 in chips) 
Seat 4: Dorex2007 ($2.94 in chips) 
Seat 5: jharab51 ($1.97 in chips) 
Seat 6: piernen ($2.60 in chips) 
Seat 7: Axxxxx588 ($1.26 in chips) 
Seat 8: koupin ($1.76 in chips) 
piernen: posts small blind $0.01
Axxxxx588: posts big blind $0.02
*** HOLE CARDS ***
Dealt to Dorex2007 [8s 2h]
koupin: folds 
okotokian1: calls $0.02
krylen4ik: folds 
Dorex2007 has timed out
Dorex2007: folds 
jharab51: calls $0.02
piernen: folds 
Axxxxx588: checks 
*** FLOP *** [As Ac 8d]
Axxxxx588: checks 
okotokian1: checks 
jharab51: bets $0.07
Axxxxx588: folds 
okotokian1: calls $0.07
*** TURN *** [As Ac 8d] [Js]
okotokian1: checks 
jharab51: bets $0.10
okotokian1: folds 
Uncalled bet ($0.10) returned to jharab51
jharab51 collected $0.20 from pot
jharab51: doesn't show hand 
*** SUMMARY ***
Total pot $0.21 | Rake $0.01 
Board [As Ac 8d Js]
Seat 1: okotokian1 folded on the Turn
Seat 3: krylen4ik folded before Flop (didn't bet)
Seat 4: Dorex2007 folded before Flop (didn't bet)
Seat 5: jharab51 (button) collected ($0.20)
Seat 6: piernen (small blind) folded before Flop
Seat 7: Axxxxx588 (big blind) folded on the Flop
Seat 8: koupin folded before Flop (didn't bet)



PokerStars Hand #232818910475:  Hold'em No Limit ($0.01/$0.02 USD) - 2022/01/04 12:48:56 PT [2022/01/04 15:48:56 ET]
Table 'Xanthippe IV' 9-max Seat #6 is the button
Seat 1: okotokian1 ($2.03 in chips) 
Seat 3: krylen4ik ($0.71 in chips) 
Seat 4: Dorex2007 ($2.94 in chips) 
Seat 5: jharab51 ($2.08 in chips) 
Seat 6: piernen ($2.59 in chips) 
Seat 7: Axxxxx588 ($1.24 in chips) 
Seat 8: koupin ($1.76 in chips) 
Axxxxx588: posts small blind $0.01
koupin: posts big blind $0.02
*** HOLE CARDS ***
Dealt to Dorex2007 [Jc 5s]
okotokian1: folds 
krylen4ik: raises $0.04 to $0.06
Dorex2007: folds 
jharab51: folds 
piernen: folds 
Axxxxx588: calls $0.05
koupin: folds 
*** FLOP *** [Kh 9c 8c]
Axxxxx588: checks 
krylen4ik: bets $0.09
Axxxxx588: calls $0.09
*** TURN *** [Kh 9c 8c] [Kc]
Axxxxx588: checks 
krylen4ik: bets $0.13
Axxxxx588: calls $0.13
*** RIVER *** [Kh 9c 8c Kc] [3s]
Axxxxx588: checks 
krylen4ik: checks 
*** SHOW DOWN ***
Axxxxx588: shows [As Ks] (three of a kind, Kings)
krylen4ik: mucks hand 
Axxxxx588 collected $0.56 from pot
*** SUMMARY ***
Total pot $0.58 | Rake $0.02 
Board [Kh 9c 8c Kc 3s]
Seat 1: okotokian1 folded before Flop (didn't bet)
Seat 3: krylen4ik mucked [Ac Th]
Seat 4: Dorex2007 folded before Flop (didn't bet)
Seat 5: jharab51 folded before Flop (didn't bet)
Seat 6: piernen (button) folded before Flop (didn't bet)
Seat 7: Axxxxx588 (small blind) showed [As Ks] and won ($0.56) with three of a kind, Kings
Seat 8: koupin (big blind) folded before Flop



PokerStars Hand #232818949691:  Hold'em No Limit ($0.01/$0.02 USD) - 2022/01/04 12:49:58 PT [2022/01/04 15:49:58 ET]
Table 'Xanthippe IV' 9-max Seat #7 is the button
Seat 1: okotokian1 ($2.03 in chips) 
Seat 3: krylen4ik ($0.43 in chips) 
Seat 4: Dorex2007 ($2.94 in chips) 
Seat 5: jharab51 ($2.08 in chips) 
Seat 6: piernen ($2.59 in chips) 
Seat 7: Axxxxx588 ($1.52 in chips) 
Seat 8: koupin ($1.74 in chips) 
Seat 9: ElGinoo1 ($3.69 in chips) 
koupin: posts small blind $0.01
ElGinoo1: posts big blind $0.02
*** HOLE CARDS ***
Dealt to Dorex2007 [Qd Ac]
okotokian1: folds 
krylen4ik: folds 
Dorex2007: raises $0.04 to $0.06
jharab51: folds 
piernen: calls $0.06
Axxxxx588: folds 
koupin: folds 
ElGinoo1: calls $0.04
*** FLOP *** [2c Kc 5d]
ElGinoo1: checks 
Dorex2007: bets $0.09
piernen: calls $0.09
ElGinoo1: folds 
*** TURN *** [2c Kc 5d] [As]
Dorex2007: bets $0.18
ElGinoo1 leaves the table
piernen: folds 
Uncalled bet ($0.18) returned to Dorex2007
Dorex2007 collected $0.36 from pot
Dorex2007: doesn't show hand 
*** SUMMARY ***
Total pot $0.37 | Rake $0.01 
Board [2c Kc 5d As]
Seat 1: okotokian1 folded before Flop (didn't bet)
Seat 3: krylen4ik folded before Flop (didn't bet)
Seat 4: Dorex2007 collected ($0.36)
Seat 5: jharab51 folded before Flop (didn't bet)
Seat 6: piernen folded on the Turn
Seat 7: Axxxxx588 (button) folded before Flop (didn't bet)
Seat 8: koupin (small blind) folded before Flop
Seat 9: ElGinoo1 (big blind) folded on the Flop



PokerStars Hand #232818980954:  Hold'em No Limit ($0.01/$0.02 USD) - 2022/01/04 12:50:47 PT [2022/01/04 15:50:47 ET]
Table 'Xanthippe IV' 9-max Seat #8 is the button
Seat 1: okotokian1 ($2.03 in chips) 
Seat 3: krylen4ik ($0.80 in chips) 
Seat 4: Dorex2007 ($3.15 in chips) 
Seat 5: jharab51 ($2.08 in chips) 
Seat 6: piernen ($2.44 in chips) 
Seat 7: Axxxxx588 ($1.52 in chips) 
Seat 8: koupin ($1.73 in chips) 
okotokian1: posts small blind $0.01
krylen4ik: posts big blind $0.02
*** HOLE CARDS ***
Dealt to Dorex2007 [2d 7c]
Travelstore joins the table at seat #9 
Dorex2007: folds 
jharab51: folds 
piernen: raises $0.04 to $0.06
Axxxxx588: folds 
koupin: folds 
okotokian1: calls $0.05
krylen4ik: folds 
*** FLOP *** [Jh 8h 7d]
okotokian1: checks 
piernen: bets $0.06
okotokian1: calls $0.06
*** TURN *** [Jh 8h 7d] [Jd]
okotokian1: checks 
piernen: bets $0.18
okotokian1: folds 
Uncalled bet ($0.18) returned to piernen
piernen collected $0.25 from pot
piernen: doesn't show hand 
*** SUMMARY ***
Total pot $0.26 | Rake $0.01 
Board [Jh 8h 7d Jd]
Seat 1: okotokian1 (small blind) folded on the Turn
Seat 3: krylen4ik (big blind) folded before Flop
Seat 4: Dorex2007 folded before Flop (didn't bet)
Seat 5: jharab51 folded before Flop (didn't bet)
Seat 6: piernen collected ($0.25)
Seat 7: Axxxxx588 folded before Flop (didn't bet)
Seat 8: koupin (button) folded before Flop (didn't bet)



PokerStars Hand #232819019448:  Hold'em No Limit ($0.01/$0.02 USD) - 2022/01/04 12:51:49 PT [2022/01/04 15:51:49 ET]
Table 'Xanthippe IV' 9-max Seat #1 is the button
Seat 1: okotokian1 ($2 in chips) 
Seat 3: krylen4ik ($0.78 in chips) 
Seat 4: Dorex2007 ($3.15 in chips) 
Seat 5: jharab51 ($2.08 in chips) 
Seat 6: piernen ($2.57 in chips) 
Seat 7: Axxxxx588 ($1.52 in chips) 
Seat 8: koupin ($1.73 in chips) 
krylen4ik: posts small blind $0.01
Dorex2007: posts big blind $0.02
Travelstore: sits out 
*** HOLE CARDS ***
Dealt to Dorex2007 [9h Ts]
jharab51 has timed out
jharab51: folds 
piernen: folds 
Axxxxx588: folds 
koupin: folds 
okotokian1: folds 
krylen4ik: folds 
Uncalled bet ($0.01) returned to Dorex2007
Dorex2007 collected $0.02 from pot
Dorex2007: doesn't show hand 
*** SUMMARY ***
Total pot $0.02 | Rake $0 
Seat 1: okotokian1 (button) folded before Flop (didn't bet)
Seat 3: krylen4ik (small blind) folded before Flop
Seat 4: Dorex2007 (big blind) collected ($0.02)
Seat 5: jharab51 folded before Flop (didn't bet)
Seat 6: piernen folded before Flop (didn't bet)
Seat 7: Axxxxx588 folded before Flop (didn't bet)
Seat 8: koupin folded before Flop (didn't bet)



PokerStars Hand #232819034407:  Hold'em No Limit ($0.01/$0.02 USD) - 2022/01/04 12:52:13 PT [2022/01/04 15:52:13 ET]
Table 'Xanthippe IV' 9-max Seat #3 is the button
Seat 1: okotokian1 ($2 in chips) 
Seat 3: krylen4ik ($0.77 in chips) 
Seat 4: Dorex2007 ($3.16 in chips) 
Seat 5: jharab51 ($2.08 in chips) 
Seat 6: piernen ($2.57 in chips) 
Seat 7: Axxxxx588 ($1.52 in chips) 
Seat 8: koupin ($1.73 in chips) 
Dorex2007: posts small blind $0.01
jharab51: posts big blind $0.02
Travelstore: sits out 
*** HOLE CARDS ***
Dealt to Dorex2007 [3c 4d]
piernen: calls $0.02
Axxxxx588: calls $0.02
koupin: folds 
okotokian1: calls $0.02
krylen4ik: folds 
Dorex2007: folds 
jharab51: checks 
*** FLOP *** [7c 8c 6c]
jharab51: checks 
piernen: checks 
Axxxxx588: checks 
okotokian1: checks 
*** TURN *** [7c 8c 6c] [7h]
jharab51: bets $0.04
piernen: folds 
Axxxxx588: folds 
okotokian1: calls $0.04
*** RIVER *** [7c 8c 6c 7h] [Qh]
jharab51: bets $0.16
okotokian1: folds 
Uncalled bet ($0.16) returned to jharab51
jharab51 collected $0.16 from pot
jharab51: doesn't show hand 
*** SUMMARY ***
Total pot $0.17 | Rake $0.01 
Board [7c 8c 6c 7h Qh]
Seat 1: okotokian1 folded on the River
Seat 3: krylen4ik (button) folded before Flop (didn't bet)
Seat 4: Dorex2007 (small blind) folded before Flop
Seat 5: jharab51 (big blind) collected ($0.16)
Seat 6: piernen folded on the Turn
Seat 7: Axxxxx588 folded on the Turn
Seat 8: koupin folded before Flop (didn't bet)



PokerStars Hand #232819079808:  Hold'em No Limit ($0.01/$0.02 USD) - 2022/01/04 12:53:25 PT [2022/01/04 15:53:25 ET]
Table 'Xanthippe IV' 9-max Seat #4 is the button
Seat 1: okotokian1 ($2 in chips) 
Seat 3: krylen4ik ($0.77 in chips) 
Seat 4: Dorex2007 ($3.15 in chips) 
Seat 5: jharab51 ($2.18 in chips) 
Seat 6: piernen ($2.55 in chips) 
Seat 7: Axxxxx588 ($1.50 in chips) 
Seat 8: koupin ($1.73 in chips) 
jharab51: posts small blind $0.01
piernen: posts big blind $0.02
Travelstore: sits out 
*** HOLE CARDS ***
Dealt to Dorex2007 [6s Jd]
Axxxxx588: folds 
koupin: folds 
okotokian1: raises $0.04 to $0.06
krylen4ik: folds 
Dorex2007: folds 
jharab51: calls $0.05
piernen: folds 
*** FLOP *** [5h Ks 2c]
jharab51: checks 
okotokian1: checks 
*** TURN *** [5h Ks 2c] [6c]
jharab51: bets $0.07
okotokian1: raises $0.14 to $0.21
jharab51: folds 
Uncalled bet ($0.14) returned to okotokian1
okotokian1 collected $0.27 from pot
*** SUMMARY ***
Total pot $0.28 | Rake $0.01 
Board [5h Ks 2c 6c]
Seat 1: okotokian1 collected ($0.27)
Seat 3: krylen4ik folded before Flop (didn't bet)
Seat 4: Dorex2007 (button) folded before Flop (didn't bet)
Seat 5: jharab51 (small blind) folded on the Turn
Seat 6: piernen (big blind) folded before Flop
Seat 7: Axxxxx588 folded before Flop (didn't bet)
Seat 8: koupin folded before Flop (didn't bet)



PokerStars Hand #232819120235:  Hold'em No Limit ($0.01/$0.02 USD) - 2022/01/04 12:54:31 PT [2022/01/04 15:54:31 ET]
Table 'Xanthippe IV' 9-max Seat #5 is the button
Seat 1: okotokian1 ($2.14 in chips) 
Seat 3: krylen4ik ($0.77 in chips) 
Seat 4: Dorex2007 ($3.15 in chips) 
Seat 5: jharab51 ($2.05 in chips) 
Seat 6: piernen ($2.53 in chips) 
Seat 7: Axxxxx588 ($1.50 in chips) 
Seat 8: koupin ($1.73 in chips) 
piernen: posts small blind $0.01
Axxxxx588: posts big blind $0.02
Travelstore: sits out 
*** HOLE CARDS ***
Dealt to Dorex2007 [9s As]
koupin: folds 
okotokian1: folds 
krylen4ik: folds 
Dorex2007: calls $0.02
jharab51: folds 
piernen: calls $0.01
Axxxxx588: checks 
*** FLOP *** [6s 2c 7h]
piernen: checks 
Axxxxx588: checks 
Dorex2007: checks 
*** TURN *** [6s 2c 7h] [2d]
piernen: bets $0.04
Axxxxx588: folds 
Dorex2007: folds 
Uncalled bet ($0.04) returned to piernen
piernen collected $0.06 from pot
piernen: doesn't show hand 
*** SUMMARY ***
Total pot $0.06 | Rake $0 
Board [6s 2c 7h 2d]
Seat 1: okotokian1 folded before Flop (didn't bet)
Seat 3: krylen4ik folded before Flop (didn't bet)
Seat 4: Dorex2007 folded on the Turn
Seat 5: jharab51 (button) folded before Flop (didn't bet)
Seat 6: piernen (small blind) collected ($0.06)
Seat 7: Axxxxx588 (big blind) folded on the Turn
Seat 8: koupin folded before Flop (didn't bet)



PokerStars Hand #232819139782:  Hold'em No Limit ($0.01/$0.02 USD) - 2022/01/04 12:55:02 PT [2022/01/04 15:55:02 ET]
Table 'Xanthippe IV' 9-max Seat #6 is the button
Seat 1: okotokian1 ($2.14 in chips) 
Seat 2: rmoliveira25 ($1.32 in chips) 
Seat 3: krylen4ik ($0.77 in chips) 
Seat 4: Dorex2007 ($3.13 in chips) 
Seat 5: jharab51 ($2.05 in chips) 
Seat 6: piernen ($2.57 in chips) 
Seat 7: Axxxxx588 ($1.48 in chips) 
Seat 9: Travelstore ($2 in chips) 
Axxxxx588: posts small blind $0.01
koupin: is sitting out 
Travelstore: posts big blind $0.02
koupin leaves the table
rmoliveira25: posts small & big blinds $0.03
*** HOLE CARDS ***
Dealt to Dorex2007 [4h 8c]
okotokian1: folds 
rmoliveira25: checks 
krylen4ik: folds 
Dorex2007: folds 
jharab51: calls $0.02
piernen: calls $0.02
Axxxxx588: calls $0.01
Travelstore: raises $0.11 to $0.13
rmoliveira25: calls $0.11
jharab51: folds 
piernen: folds 
Axxxxx588: folds 
*** FLOP *** [5d Ks 8d]
Travelstore: bets $0.16
rmoliveira25: calls $0.16
*** TURN *** [5d Ks 8d] [4d]
Travelstore: bets $0.63
rmoliveira25: folds 
Uncalled bet ($0.63) returned to Travelstore
Travelstore collected $0.63 from pot
Travelstore: doesn't show hand 
*** SUMMARY ***
Total pot $0.65 | Rake $0.02 
Board [5d Ks 8d 4d]
Seat 1: okotokian1 folded before Flop (didn't bet)
Seat 2: rmoliveira25 folded on the Turn
Seat 3: krylen4ik folded before Flop (didn't bet)
Seat 4: Dorex2007 folded before Flop (didn't bet)
Seat 5: jharab51 folded before Flop
Seat 6: piernen (button) folded before Flop
Seat 7: Axxxxx588 (small blind) folded before Flop
Seat 9: Travelstore (big blind) collected ($0.63)



PokerStars Hand #232819164563:  Hold'em No Limit ($0.01/$0.02 USD) - 2022/01/04 12:55:58 PT [2022/01/04 15:55:58 ET]
Table 'Xanthippe IV' 9-max Seat #7 is the button
Seat 1: okotokian1 ($2.14 in chips) 
Seat 2: rmoliveira25 ($1.02 in chips) 
Seat 3: krylen4ik ($0.77 in chips) 
Seat 4: Dorex2007 ($3.13 in chips) 
Seat 5: jharab51 ($2.03 in chips) 
Seat 6: piernen ($2.55 in chips) 
Seat 7: Axxxxx588 ($1.46 in chips) 
Seat 9: Travelstore ($2.34 in chips) 
Travelstore: posts small blind $0.01
okotokian1: posts big blind $0.02
*** HOLE CARDS ***
Dealt to Dorex2007 [Ac 5s]
rmoliveira25: calls $0.02
krylen4ik: raises $0.05 to $0.07
Dorex2007: folds 
jharab51: calls $0.07
piernen: folds 
Axxxxx588: folds 
Travelstore: folds 
okotokian1: calls $0.05
rmoliveira25: calls $0.05
*** FLOP *** [Ts 2c Jh]
okotokian1: checks 
rmoliveira25: bets $0.04
krylen4ik: calls $0.04
jharab51: raises $0.20 to $0.24
okotokian1: folds 
rmoliveira25: calls $0.20
krylen4ik: calls $0.20
*** TURN *** [Ts 2c Jh] [Ah]
Filmeister joins the table at seat #8 
rmoliveira25: bets $0.04
krylen4ik: raises $0.42 to $0.46 and is all-in
jharab51: folds 
rmoliveira25: calls $0.42
*** RIVER *** [Ts 2c Jh Ah] [4d]
*** SHOW DOWN ***
rmoliveira25: shows [2d As] (two pair, Aces and Deuces)
krylen4ik: shows [Kd Qd] (a straight, Ten to Ace)
krylen4ik collected $1.86 from pot
*** SUMMARY ***
Total pot $1.93 | Rake $0.07 
Board [Ts 2c Jh Ah 4d]
Seat 1: okotokian1 (big blind) folded on the Flop
Seat 2: rmoliveira25 showed [2d As] and lost with two pair, Aces and Deuces
Seat 3: krylen4ik showed [Kd Qd] and won ($1.86) with a straight, Ten to Ace
Seat 4: Dorex2007 folded before Flop (didn't bet)
Seat 5: jharab51 folded on the Turn
Seat 6: piernen folded before Flop (didn't bet)
Seat 7: Axxxxx588 (button) folded before Flop (didn't bet)
Seat 9: Travelstore (small blind) folded before Flop



PokerStars Hand #232819222190:  Hold'em No Limit ($0.01/$0.02 USD) - 2022/01/04 12:57:39 PT [2022/01/04 15:57:39 ET]
Table 'Xanthippe IV' 9-max Seat #9 is the button
Seat 1: okotokian1 ($2.07 in chips) 
Seat 2: rmoliveira25 ($0.25 in chips) 
Seat 3: krylen4ik ($1.86 in chips) 
Seat 4: Dorex2007 ($3.13 in chips) 
Seat 5: jharab51 ($1.72 in chips) 
Seat 6: piernen ($2.55 in chips) 
Seat 7: Axxxxx588 ($1.46 in chips) 
Seat 8: Filmeister ($1.39 in chips) 
Seat 9: Travelstore ($2.33 in chips) 
okotokian1: posts small blind $0.01
rmoliveira25: posts big blind $0.02
Filmeister: posts big blind $0.02
*** HOLE CARDS ***
Dealt to Dorex2007 [2h 9d]
krylen4ik: folds 
Dorex2007: folds 
jharab51: folds 
piernen: calls $0.02
Axxxxx588: folds 
Filmeister: checks 
Travelstore: folds 
okotokian1: folds 
rmoliveira25: checks 
*** FLOP *** [2c Ad As]
rmoliveira25: checks 
piernen: checks 
Filmeister: checks 
*** TURN *** [2c Ad As] [8h]
krylen4ik leaves the table
rmoliveira25: checks 
SharkArtur1 joins the table at seat #3 
piernen: checks 
Filmeister: checks 
*** RIVER *** [2c Ad As 8h] [Qs]
rmoliveira25: checks 
piernen: checks 
Filmeister: bets $0.07
rmoliveira25: folds 
piernen: folds 
Uncalled bet ($0.07) returned to Filmeister
Filmeister collected $0.07 from pot
Filmeister: doesn't show hand 
*** SUMMARY ***
Total pot $0.07 | Rake $0 
Board [2c Ad As 8h Qs]
Seat 1: okotokian1 (small blind) folded before Flop
Seat 2: rmoliveira25 (big blind) folded on the River
Seat 3: krylen4ik folded before Flop (didn't bet)
Seat 4: Dorex2007 folded before Flop (didn't bet)
Seat 5: jharab51 folded before Flop (didn't bet)
Seat 6: piernen folded on the River
Seat 7: Axxxxx588 folded before Flop (didn't bet)
Seat 8: Filmeister collected ($0.07)
Seat 9: Travelstore (button) folded before Flop (didn't bet)



PokerStars Hand #232819266503:  Hold'em No Limit ($0.01/$0.02 USD) - 2022/01/04 12:59:08 PT [2022/01/04 15:59:08 ET]
Table 'Xanthippe IV' 9-max Seat #1 is the button
Seat 1: okotokian1 ($2.06 in chips) 
Seat 2: rmoliveira25 ($0.23 in chips) 
Seat 3: SharkArtur1 ($2 in chips) 
Seat 4: Dorex2007 ($3.13 in chips) 
Seat 5: jharab51 ($1.72 in chips) 
Seat 6: piernen ($2.53 in chips) 
Seat 7: Axxxxx588 ($1.46 in chips) 
Seat 8: Filmeister ($1.44 in chips) 
Seat 9: Travelstore ($2.33 in chips) 
rmoliveira25: posts small blind $0.01
SharkArtur1: posts big blind $0.02
*** HOLE CARDS ***
Dealt to Dorex2007 [Js Kc]
Dorex2007: folds 
jharab51: calls $0.02
piernen: folds 
Axxxxx588: folds 
Filmeister: calls $0.02
Travelstore has timed out
Travelstore: folds 
okotokian1: folds 
rmoliveira25: calls $0.01
SharkArtur1: checks 
*** FLOP *** [6c 9c 8s]
rmoliveira25: bets $0.04
SharkArtur1: folds 
jharab51: raises $0.04 to $0.08
Filmeister: calls $0.08
rmoliveira25: calls $0.04
*** TURN *** [6c 9c 8s] [2c]
rmoliveira25: bets $0.13 and is all-in
jharab51: calls $0.13
Filmeister: folds 
*** RIVER *** [6c 9c 8s 2c] [8d]
*** SHOW DOWN ***
rmoliveira25: shows [5d Kd] (a pair of Eights)
jharab51: shows [Qc 9d] (two pair, Nines and Eights)
jharab51 collected $0.56 from pot
*** SUMMARY ***
Total pot $0.58 | Rake $0.02 
Board [6c 9c 8s 2c 8d]
Seat 1: okotokian1 (button) folded before Flop (didn't bet)
Seat 2: rmoliveira25 (small blind) showed [5d Kd] and lost with a pair of Eights
Seat 3: SharkArtur1 (big blind) folded on the Flop
Seat 4: Dorex2007 folded before Flop (didn't bet)
Seat 5: jharab51 showed [Qc 9d] and won ($0.56) with two pair, Nines and Eights
Seat 6: piernen folded before Flop (didn't bet)
Seat 7: Axxxxx588 folded before Flop (didn't bet)
Seat 8: Filmeister folded on the Turn
Seat 9: Travelstore folded before Flop (didn't bet)



PokerStars Hand #232819302500:  Hold'em No Limit ($0.01/$0.02 USD) - 2022/01/04 13:00:28 PT [2022/01/04 16:00:28 ET]
Table 'Xanthippe IV' 9-max Seat #3 is the button
Seat 1: okotokian1 ($2.06 in chips) 
Seat 3: SharkArtur1 ($1.98 in chips) 
Seat 4: Dorex2007 ($3.13 in chips) 
Seat 5: jharab51 ($2.05 in chips) 
Seat 6: piernen ($2.53 in chips) 
Seat 7: Axxxxx588 ($1.46 in chips) 
Seat 8: Filmeister ($1.34 in chips) 
Seat 9: Travelstore ($2.33 in chips) 
Dorex2007: posts small blind $0.01
jharab51: posts big blind $0.02
*** HOLE CARDS ***
Dealt to Dorex2007 [3s 7s]
piernen: calls $0.02
Axxxxx588: folds 
Filmeister: raises $0.07 to $0.09
Travelstore: folds 
okotokian1: folds 
SharkArtur1: folds 
Dorex2007: folds 
jharab51: folds 
piernen: folds 
Uncalled bet ($0.07) returned to Filmeister
Filmeister collected $0.07 from pot
Filmeister: doesn't show hand 
*** SUMMARY ***
Total pot $0.07 | Rake $0 
Seat 1: okotokian1 folded before Flop (didn't bet)
Seat 3: SharkArtur1 (button) folded before Flop (didn't bet)
Seat 4: Dorex2007 (small blind) folded before Flop
Seat 5: jharab51 (big blind) folded before Flop
Seat 6: piernen folded before Flop
Seat 7: Axxxxx588 folded before Flop (didn't bet)
Seat 8: Filmeister collected ($0.07)
Seat 9: Travelstore folded before Flop (didn't bet)



PokerStars Hand #232819312282:  Hold'em No Limit ($0.01/$0.02 USD) - 2022/01/04 13:00:48 PT [2022/01/04 16:00:48 ET]
Table 'Xanthippe IV' 9-max Seat #4 is the button
Seat 1: okotokian1 ($2.06 in chips) 
Seat 2: rmoliveira25 ($0.90 in chips) 
Seat 3: SharkArtur1 ($1.98 in chips) 
Seat 4: Dorex2007 ($3.12 in chips) 
Seat 5: jharab51 ($2.03 in chips) 
Seat 6: piernen ($2.51 in chips) 
Seat 7: Axxxxx588 ($1.46 in chips) 
Seat 8: Filmeister ($1.39 in chips) 
Seat 9: Travelstore ($2.33 in chips) 
jharab51: posts small blind $0.01
piernen: posts big blind $0.02
*** HOLE CARDS ***
Dealt to Dorex2007 [3d As]
Axxxxx588: folds 
Filmeister: folds 
Travelstore: folds 
okotokian1: folds 
rmoliveira25: calls $0.02
Axxxxx588 leaves the table
SharkArtur1: raises $0.04 to $0.06
Dorex2007: folds 
jharab51: folds 
piernen: calls $0.04
rmoliveira25: raises $0.04 to $0.10
SharkArtur1: calls $0.04
piernen: calls $0.04
*** FLOP *** [6c 6d 6s]
piernen: checks 
rmoliveira25: bets $0.36
SharkArtur1: raises $1.52 to $1.88 and is all-in
piernen: folds 
rmoliveira25: calls $0.44 and is all-in
Uncalled bet ($1.08) returned to SharkArtur1
*** TURN *** [6c 6d 6s] [2h]
*** RIVER *** [6c 6d 6s 2h] [5d]
*** SHOW DOWN ***
rmoliveira25: shows [8s 8d] (a full house, Sixes full of Eights)
SharkArtur1: shows [Js Ad] (three of a kind, Sixes)
rmoliveira25 collected $1.84 from pot
*** SUMMARY ***
Total pot $1.91 | Rake $0.07 
Board [6c 6d 6s 2h 5d]
Seat 1: okotokian1 folded before Flop (didn't bet)
Seat 2: rmoliveira25 showed [8s 8d] and won ($1.84) with a full house, Sixes full of Eights
Seat 3: SharkArtur1 showed [Js Ad] and lost with three of a kind, Sixes
Seat 4: Dorex2007 (button) folded before Flop (didn't bet)
Seat 5: jharab51 (small blind) folded before Flop
Seat 6: piernen (big blind) folded on the Flop
Seat 7: Axxxxx588 folded before Flop (didn't bet)
Seat 8: Filmeister folded before Flop (didn't bet)
Seat 9: Travelstore folded before Flop (didn't bet)



PokerStars Hand #232819346666:  Hold'em No Limit ($0.01/$0.02 USD) - 2022/01/04 13:01:51 PT [2022/01/04 16:01:51 ET]
Table 'Xanthippe IV' 9-max Seat #5 is the button
Seat 1: okotokian1 ($2.06 in chips) 
Seat 2: rmoliveira25 ($1.84 in chips) 
Seat 3: SharkArtur1 ($1.08 in chips) 
Seat 4: Dorex2007 ($3.12 in chips) 
Seat 5: jharab51 ($2.02 in chips) 
Seat 6: piernen ($2.41 in chips) 
Seat 8: Filmeister ($1.39 in chips) 
Seat 9: Travelstore ($2.33 in chips) 
piernen: posts small blind $0.01
Filmeister: posts big blind $0.02
*** HOLE CARDS ***
Dealt to Dorex2007 [Ac Jc]
Travelstore: raises $0.05 to $0.07
okotokian1: folds 
rmoliveira25: calls $0.07
SharkArtur1: folds 
Dorex2007: calls $0.07
jharab51: folds 
piernen: folds 
Filmeister: calls $0.05
*** FLOP *** [Kd Qc 6d]
julavi joins the table at seat #7 
Filmeister: bets $0.14
Travelstore: calls $0.14
rmoliveira25: calls $0.14
Dorex2007: folds 
*** TURN *** [Kd Qc 6d] [Td]
Filmeister: bets $0.34
Travelstore: calls $0.34
rmoliveira25: calls $0.34
*** RIVER *** [Kd Qc 6d Td] [Kc]
Filmeister: bets $0.84 and is all-in
Travelstore: folds 
rmoliveira25: calls $0.84
*** SHOW DOWN ***
Filmeister: shows [Tc Kh] (a full house, Kings full of Tens)
rmoliveira25: shows [4c Qs] (two pair, Kings and Queens)
Filmeister collected $3.29 from pot
*** SUMMARY ***
Total pot $3.41 | Rake $0.12 
Board [Kd Qc 6d Td Kc]
Seat 1: okotokian1 folded before Flop (didn't bet)
Seat 2: rmoliveira25 showed [4c Qs] and lost with two pair, Kings and Queens
Seat 3: SharkArtur1 folded before Flop (didn't bet)
Seat 4: Dorex2007 folded on the Flop
Seat 5: jharab51 (button) folded before Flop (didn't bet)
Seat 6: piernen (small blind) folded before Flop
Seat 8: Filmeister (big blind) showed [Tc Kh] and won ($3.29) with a full house, Kings full of Tens
Seat 9: Travelstore folded on the River



PokerStars Hand #232819383035:  Hold'em No Limit ($0.01/$0.02 USD) - 2022/01/04 13:02:52 PT [2022/01/04 16:02:52 ET]
Table 'Xanthippe IV' 9-max Seat #6 is the button
Seat 1: okotokian1 ($2.06 in chips) 
Seat 2: rmoliveira25 ($0.45 in chips) 
Seat 3: SharkArtur1 ($1.08 in chips) 
Seat 4: Dorex2007 ($3.05 in chips) 
Seat 5: jharab51 ($2.02 in chips) 
Seat 6: piernen ($2.40 in chips) 
Seat 8: Filmeister ($3.29 in chips) 
Seat 9: Travelstore ($1.78 in chips) 
Filmeister: posts small blind $0.01
Travelstore: posts big blind $0.02
*** HOLE CARDS ***
Dealt to Dorex2007 [3h Qc]
okotokian1: folds 
rmoliveira25: calls $0.02
SharkArtur1: calls $0.02
Dorex2007: folds 
jharab51: raises $0.04 to $0.06
piernen: calls $0.06
Filmeister: folds 
Travelstore: folds 
rmoliveira25: calls $0.04
SharkArtur1: calls $0.04
*** FLOP *** [Js 5h 2h]
rmoliveira25: checks 
SharkArtur1: checks 
jharab51: bets $0.13
piernen: folds 
rmoliveira25: calls $0.13
SharkArtur1: calls $0.13
*** TURN *** [Js 5h 2h] [3s]
rmoliveira25: checks 
SharkArtur1: bets $0.89 and is all-in
jharab51: calls $0.89
rmoliveira25: calls $0.26 and is all-in
*** RIVER *** [Js 5h 2h 3s] [Kh]
*** SHOW DOWN ***
SharkArtur1: shows [Qh 9s] (high card King)
jharab51: shows [2s 2d] (three of a kind, Deuces)
jharab51 collected $1.22 from side pot
rmoliveira25: shows [Ah 7d] (high card Ace)
jharab51 collected $1.39 from main pot
*** SUMMARY ***
Total pot $2.70 Main pot $1.39. Side pot $1.22. | Rake $0.09 
Board [Js 5h 2h 3s Kh]
Seat 1: okotokian1 folded before Flop (didn't bet)
Seat 2: rmoliveira25 showed [Ah 7d] and lost with high card Ace
Seat 3: SharkArtur1 showed [Qh 9s] and lost with high card King
Seat 4: Dorex2007 folded before Flop (didn't bet)
Seat 5: jharab51 showed [2s 2d] and won ($2.61) with three of a kind, Deuces
Seat 6: piernen (button) folded on the Flop
Seat 8: Filmeister (small blind) folded before Flop
Seat 9: Travelstore (big blind) folded before Flop



PokerStars Hand #232819431136:  Hold'em No Limit ($0.01/$0.02 USD) - 2022/01/04 13:04:09 PT [2022/01/04 16:04:09 ET]
Table 'Xanthippe IV' 9-max Seat #8 is the button
Seat 1: okotokian1 ($2.06 in chips) 
Seat 4: Dorex2007 ($3.05 in chips) 
Seat 5: jharab51 ($3.55 in chips) 
Seat 6: piernen ($2.34 in chips) 
Seat 8: Filmeister ($3.28 in chips) 
Seat 9: Travelstore ($1.76 in chips) 
Travelstore: posts small blind $0.01
okotokian1: posts big blind $0.02
julavi: sits out 
*** HOLE CARDS ***
Dealt to Dorex2007 [3d 7s]
Dorex2007: folds 
SharkArtur1 leaves the table
jharab51: folds 
piernen: calls $0.02
Filmeister: folds 
jharab51 leaves the table
Travelstore: raises $0.06 to $0.08
okotokian1: folds 
piernen: folds 
Uncalled bet ($0.06) returned to Travelstore
Travelstore collected $0.06 from pot
Travelstore: doesn't show hand 
*** SUMMARY ***
Total pot $0.06 | Rake $0 
Seat 1: okotokian1 (big blind) folded before Flop
Seat 4: Dorex2007 folded before Flop (didn't bet)
Seat 5: jharab51 folded before Flop (didn't bet)
Seat 6: piernen folded before Flop
Seat 8: Filmeister (button) folded before Flop (didn't bet)
Seat 9: Travelstore (small blind) collected ($0.06)



PokerStars Hand #232819445360:  Hold'em No Limit ($0.01/$0.02 USD) - 2022/01/04 13:04:32 PT [2022/01/04 16:04:32 ET]
Table 'Xanthippe IV' 9-max Seat #9 is the button
Seat 1: okotokian1 ($2.04 in chips) 
Seat 2: rmoliveira25 ($2 in chips) 
Seat 4: Dorex2007 ($3.05 in chips) 
Seat 6: piernen ($2.32 in chips) 
Seat 8: Filmeister ($3.28 in chips) 
Seat 9: Travelstore ($1.80 in chips) 
okotokian1: posts small blind $0.01
rmoliveira25: posts big blind $0.02
julavi: sits out 
*** HOLE CARDS ***
Dealt to Dorex2007 [8c 3s]
twitty31 joins the table at seat #3 
Dorex2007: folds 
piernen: folds 
Filmeister: folds 
Travelstore: folds 
okotokian1: folds 
Uncalled bet ($0.01) returned to rmoliveira25
rmoliveira25 collected $0.02 from pot
rmoliveira25: doesn't show hand 
*** SUMMARY ***
Total pot $0.02 | Rake $0 
Seat 1: okotokian1 (small blind) folded before Flop
Seat 2: rmoliveira25 (big blind) collected ($0.02)
Seat 4: Dorex2007 folded before Flop (didn't bet)
Seat 6: piernen folded before Flop (didn't bet)
Seat 8: Filmeister folded before Flop (didn't bet)
Seat 9: Travelstore (button) folded before Flop (didn't bet)



PokerStars Hand #232819454638:  Hold'em No Limit ($0.01/$0.02 USD) - 2022/01/04 13:04:47 PT [2022/01/04 16:04:47 ET]
Table 'Xanthippe IV' 9-max Seat #1 is the button
Seat 1: okotokian1 ($2.03 in chips) 
Seat 2: rmoliveira25 ($2.01 in chips) 
Seat 3: twitty31 ($0.80 in chips) 
Seat 4: Dorex2007 ($3.05 in chips) 
Seat 6: piernen ($2.32 in chips) 
Seat 8: Filmeister ($3.28 in chips) 
Seat 9: Travelstore ($1.80 in chips) 
rmoliveira25: posts small blind $0.01
twitty31: posts big blind $0.02
julavi: sits out 
*** HOLE CARDS ***
Dealt to Dorex2007 [Ks 2s]
Dorex2007: folds 
piernen: folds 
Filmeister: raises $0.02 to $0.04
Travelstore: raises $0.11 to $0.15
okotokian1: folds 
rmoliveira25: folds 
twitty31: folds 
Filmeister: calls $0.11
*** FLOP *** [7s Qd Kh]
rmoliveira25 leaves the table
Filmeister: checks 
Travelstore: bets $0.32
Filmeister: folds 
Uncalled bet ($0.32) returned to Travelstore
Travelstore collected $0.32 from pot
Travelstore: doesn't show hand 
*** SUMMARY ***
Total pot $0.33 | Rake $0.01 
Board [7s Qd Kh]
Seat 1: okotokian1 (button) folded before Flop (didn't bet)
Seat 2: rmoliveira25 (small blind) folded before Flop
Seat 3: twitty31 (big blind) folded before Flop
Seat 4: Dorex2007 folded before Flop (didn't bet)
Seat 6: piernen folded before Flop (didn't bet)
Seat 8: Filmeister folded on the Flop
Seat 9: Travelstore collected ($0.32)



PokerStars Hand #232819479010:  Hold'em No Limit ($0.01/$0.02 USD) - 2022/01/04 13:05:25 PT [2022/01/04 16:05:25 ET]
Table 'Xanthippe IV' 9-max Seat #3 is the button
Seat 1: okotokian1 ($2.03 in chips) 
Seat 3: twitty31 ($0.78 in chips) 
Seat 4: Dorex2007 ($3.05 in chips) 
Seat 6: piernen ($2.32 in chips) 
Seat 8: Filmeister ($3.13 in chips) 
Seat 9: Travelstore ($1.97 in chips) 
Dorex2007: posts small blind $0.01
piernen: posts big blind $0.02
julavi: sits out 
*** HOLE CARDS ***
Dealt to Dorex2007 [3h 5d]
Filmeister: calls $0.02
Travelstore: raises $0.07 to $0.09
okotokian1: folds 
twitty31: folds 
Dorex2007: folds 
piernen: calls $0.07
Filmeister: calls $0.07
*** FLOP *** [Jd Kc 8h]
piernen: checks 
Filmeister: checks 
Travelstore: bets $0.27
piernen: folds 
Filmeister: raises $0.29 to $0.56
Travelstore: raises $1.32 to $1.88 and is all-in
zibik2 joins the table at seat #2 
Filmeister: calls $1.32
*** TURN *** [Jd Kc 8h] [7c]
*** RIVER *** [Jd Kc 8h 7c] [Td]
ArlanSilvaBr joins the table at seat #5 
*** SHOW DOWN ***
Filmeister: shows [Js 8c] (two pair, Jacks and Eights)
Travelstore: shows [Kd Jc] (two pair, Kings and Jacks)
Travelstore cashed out the hand for $3.54 | Cash Out Fee $0.04
*** SUMMARY ***
Total pot $4.04 | Rake $0.14 
Board [Jd Kc 8h 7c Td]
Seat 1: okotokian1 folded before Flop (didn't bet)
Seat 3: twitty31 (button) folded before Flop (didn't bet)
Seat 4: Dorex2007 (small blind) folded before Flop
Seat 6: piernen (big blind) folded on the Flop
Seat 8: Filmeister showed [Js 8c] and lost with two pair, Jacks and Eights
Seat 9: Travelstore showed [Kd Jc] and won ($3.90) with two pair, Kings and Jacks (pot not awarded as player cashed out)



PokerStars Hand #232819516875:  Hold'em No Limit ($0.01/$0.02 USD) - 2022/01/04 13:06:26 PT [2022/01/04 16:06:26 ET]
Table 'Xanthippe IV' 9-max Seat #4 is the button
Seat 1: okotokian1 ($2.03 in chips) 
Seat 3: twitty31 ($0.78 in chips) 
Seat 4: Dorex2007 ($3.04 in chips) 
Seat 6: piernen ($2.23 in chips) 
Seat 7: julavi ($2 in chips) 
Seat 8: Filmeister ($1.16 in chips) 
Seat 9: Travelstore ($3.54 in chips) 
piernen: posts small blind $0.01
julavi: posts big blind $0.02
zibik2: sits out 
*** HOLE CARDS ***
Dealt to Dorex2007 [5c 3s]
Filmeister: raises $0.02 to $0.04
Travelstore: folds 
okotokian1: folds 
twitty31: calls $0.04
Dorex2007: folds 
piernen: calls $0.03
julavi: calls $0.02
*** FLOP *** [Jc Th Ts]
piernen: checks 
julavi: checks 
Filmeister: checks 
twitty31: checks 
*** TURN *** [Jc Th Ts] [5d]
piernen: checks 
julavi: bets $0.06
Filmeister: folds 
twitty31: raises $0.06 to $0.12
piernen: folds 
julavi: calls $0.06
*** RIVER *** [Jc Th Ts 5d] [4d]
julavi: checks 
twitty31: bets $0.62 and is all-in
julavi: folds 
Uncalled bet ($0.62) returned to twitty31
twitty31 collected $0.39 from pot
*** SUMMARY ***
Total pot $0.40 | Rake $0.01 
Board [Jc Th Ts 5d 4d]
Seat 1: okotokian1 folded before Flop (didn't bet)
Seat 3: twitty31 collected ($0.39)
Seat 4: Dorex2007 (button) folded before Flop (didn't bet)
Seat 6: piernen (small blind) folded on the Turn
Seat 7: julavi (big blind) folded on the River
Seat 8: Filmeister folded on the Turn
Seat 9: Travelstore folded before Flop (didn't bet)



PokerStars Hand #232819564380:  Hold'em No Limit ($0.01/$0.02 USD) - 2022/01/04 13:07:41 PT [2022/01/04 16:07:41 ET]
Table 'Xanthippe IV' 9-max Seat #6 is the button
Seat 1: okotokian1 ($2.03 in chips) 
Seat 3: twitty31 ($1.01 in chips) 
Seat 4: Dorex2007 ($3.04 in chips) 
Seat 5: ArlanSilvaBr ($1.60 in chips) 
Seat 6: piernen ($2.19 in chips) 
Seat 7: julavi ($1.84 in chips) 
Seat 8: Filmeister ($1.12 in chips) 
Seat 9: Travelstore ($3.54 in chips) 
julavi: posts small blind $0.01
Filmeister: posts big blind $0.02
zibik2: sits out 
ArlanSilvaBr: posts big blind $0.02
*** HOLE CARDS ***
Dealt to Dorex2007 [9c 3c]
Travelstore: folds 
okotokian1: folds 
twitty31: folds 
Dorex2007: folds 
ArlanSilvaBr: checks 
piernen: calls $0.02
julavi: calls $0.01
Filmeister: checks 
*** FLOP *** [9s 8c Ac]
julavi: checks 
Filmeister: checks 
ArlanSilvaBr: checks 
piernen: checks 
*** TURN *** [9s 8c Ac] [Ah]
julavi: checks 
Filmeister: checks 
ArlanSilvaBr: bets $0.02
piernen: folds 
julavi: folds 
Filmeister: calls $0.02
*** RIVER *** [9s 8c Ac Ah] [7h]
Filmeister: checks 
ArlanSilvaBr: bets $0.02
Filmeister: folds 
Uncalled bet ($0.02) returned to ArlanSilvaBr
ArlanSilvaBr collected $0.12 from pot
ArlanSilvaBr: doesn't show hand 
*** SUMMARY ***
Total pot $0.12 | Rake $0 
Board [9s 8c Ac Ah 7h]
Seat 1: okotokian1 folded before Flop (didn't bet)
Seat 3: twitty31 folded before Flop (didn't bet)
Seat 4: Dorex2007 folded before Flop (didn't bet)
Seat 5: ArlanSilvaBr collected ($0.12)
Seat 6: piernen (button) folded on the Turn
Seat 7: julavi (small blind) folded on the Turn
Seat 8: Filmeister (big blind) folded on the River
Seat 9: Travelstore folded before Flop (didn't bet)



PokerStars Hand #232819634501:  Hold'em No Limit ($0.01/$0.02 USD) - 2022/01/04 13:09:33 PT [2022/01/04 16:09:33 ET]
Table 'Xanthippe IV' 9-max Seat #7 is the button
Seat 1: okotokian1 ($2.03 in chips) 
Seat 3: twitty31 ($1.01 in chips) 
Seat 4: Dorex2007 ($3.04 in chips) 
Seat 5: ArlanSilvaBr ($1.68 in chips) 
Seat 6: piernen ($2.17 in chips) 
Seat 7: julavi ($1.98 in chips) 
Seat 8: Filmeister ($1.08 in chips) 
Filmeister: posts small blind $0.01
Travelstore: is sitting out 
okotokian1: posts big blind $0.02
zibik2: sits out 
*** HOLE CARDS ***
Dealt to Dorex2007 [9h Jh]
twitty31: folds 
Travelstore leaves the table
Dorex2007: folds 
ArlanSilvaBr: calls $0.02
piernen: folds 
julavi: folds 
Filmeister: calls $0.01
okotokian1: checks 
*** FLOP *** [5h 8d 2h]
Filmeister: checks 
okotokian1: checks 
ArlanSilvaBr: bets $0.02
Filmeister: calls $0.02
okotokian1: folds 
*** TURN *** [5h 8d 2h] [Th]
Filmeister: checks 
ArlanSilvaBr: bets $0.02
Filmeister: folds 
Uncalled bet ($0.02) returned to ArlanSilvaBr
ArlanSilvaBr collected $0.10 from pot
ArlanSilvaBr: doesn't show hand 
*** SUMMARY ***
Total pot $0.10 | Rake $0 
Board [5h 8d 2h Th]
Seat 1: okotokian1 (big blind) folded on the Flop
Seat 3: twitty31 folded before Flop (didn't bet)
Seat 4: Dorex2007 folded before Flop (didn't bet)
Seat 5: ArlanSilvaBr collected ($0.10)
Seat 6: piernen folded before Flop (didn't bet)
Seat 7: julavi (button) folded before Flop (didn't bet)
Seat 8: Filmeister (small blind) folded on the Turn



PokerStars Hand #232819670081:  Hold'em No Limit ($0.01/$0.02 USD) - 2022/01/04 13:10:31 PT [2022/01/04 16:10:31 ET]
Table 'Xanthippe IV' 9-max Seat #8 is the button
Seat 1: okotokian1 ($2.01 in chips) 
Seat 2: zibik2 ($2 in chips) 
Seat 3: twitty31 ($1.01 in chips) 
Seat 4: Dorex2007 ($3.04 in chips) 
Seat 5: ArlanSilvaBr ($1.74 in chips) 
Seat 6: piernen ($2.17 in chips) 
Seat 7: julavi ($1.98 in chips) 
Seat 8: Filmeister ($1.04 in chips) 
okotokian1: posts small blind $0.01
zibik2: posts big blind $0.02
*** HOLE CARDS ***
Dealt to Dorex2007 [9c 3h]
twitty31: calls $0.02
Dorex2007: folds 
ArlanSilvaBr: calls $0.02
piernen: calls $0.02
julavi: folds 
Filmeister: folds 
Kondratiy joins the table at seat #9 
okotokian1: folds 
zibik2: checks 
*** FLOP *** [Kh Kd Ac]
zibik2: checks 
twitty31: checks 
ArlanSilvaBr: bets $0.04
piernen: calls $0.04
zibik2: folds 
twitty31: calls $0.04
*** TURN *** [Kh Kd Ac] [Qs]
twitty31: checks 
ArlanSilvaBr: bets $0.04
piernen: calls $0.04
twitty31: calls $0.04
*** RIVER *** [Kh Kd Ac Qs] [As]
twitty31: bets $0.32
ArlanSilvaBr: calls $0.32
piernen: raises $0.34 to $0.66
twitty31: raises $0.25 to $0.91 and is all-in
ArlanSilvaBr: calls $0.59
piernen: calls $0.25
*** SHOW DOWN ***
twitty31: shows [Ah Tc] (a full house, Aces full of Kings)
ArlanSilvaBr: mucks hand 
piernen: shows [Ad 6c] (a full house, Aces full of Kings)
twitty31 collected $1.47 from pot
piernen collected $1.47 from pot
*** SUMMARY ***
Total pot $3.06 | Rake $0.12 
Board [Kh Kd Ac Qs As]
Seat 1: okotokian1 (small blind) folded before Flop
Seat 2: zibik2 (big blind) folded on the Flop
Seat 3: twitty31 showed [Ah Tc] and won ($1.47) with a full house, Aces full of Kings
Seat 4: Dorex2007 folded before Flop (didn't bet)
Seat 5: ArlanSilvaBr mucked [Kc 9h]
Seat 6: piernen showed [Ad 6c] and won ($1.47) with a full house, Aces full of Kings
Seat 7: julavi folded before Flop (didn't bet)
Seat 8: Filmeister (button) folded before Flop (didn't bet)



PokerStars Hand #232819724433:  Hold'em No Limit ($0.01/$0.02 USD) - 2022/01/04 13:11:58 PT [2022/01/04 16:11:58 ET]
Table 'Xanthippe IV' 9-max Seat #1 is the button
Seat 1: okotokian1 ($2 in chips) 
Seat 2: zibik2 ($2 in chips) 
Seat 3: twitty31 ($1.47 in chips) 
Seat 4: Dorex2007 ($3.04 in chips) 
Seat 5: ArlanSilvaBr ($0.73 in chips) 
Seat 6: piernen ($2.63 in chips) 
Seat 7: julavi ($1.98 in chips) 
Seat 8: Filmeister ($1.04 in chips) 
Seat 9: Kondratiy ($1.60 in chips) 
zibik2: posts small blind $0.01
twitty31: posts big blind $0.02
Kondratiy: posts big blind $0.02
*** HOLE CARDS ***
Dealt to Dorex2007 [9c 2s]
Dorex2007: folds 
ArlanSilvaBr: folds 
piernen: folds 
julavi: folds 
Filmeister: folds 
Kondratiy: checks 
okotokian1: folds 
zibik2: folds 
twitty31: checks 
*** FLOP *** [9h Jd 7h]
twitty31: checks 
Kondratiy: checks 
*** TURN *** [9h Jd 7h] [5s]
twitty31: checks 
Kondratiy: checks 
*** RIVER *** [9h Jd 7h 5s] [Jc]
twitty31: checks 
Kondratiy: checks 
*** SHOW DOWN ***
twitty31: shows [4d Ks] (a pair of Jacks)
Kondratiy: shows [Th Kc] (a pair of Jacks - King+Ten kicker)
Kondratiy collected $0.05 from pot
*** SUMMARY ***
Total pot $0.05 | Rake $0 
Board [9h Jd 7h 5s Jc]
Seat 1: okotokian1 (button) folded before Flop (didn't bet)
Seat 2: zibik2 (small blind) folded before Flop
Seat 3: twitty31 (big blind) showed [4d Ks] and lost with a pair of Jacks
Seat 4: Dorex2007 folded before Flop (didn't bet)
Seat 5: ArlanSilvaBr folded before Flop (didn't bet)
Seat 6: piernen folded before Flop (didn't bet)
Seat 7: julavi folded before Flop (didn't bet)
Seat 8: Filmeister folded before Flop (didn't bet)
Seat 9: Kondratiy showed [Th Kc] and won ($0.05) with a pair of Jacks



PokerStars Hand #232819746941:  Hold'em No Limit ($0.01/$0.02 USD) - 2022/01/04 13:12:34 PT [2022/01/04 16:12:34 ET]
Table 'Xanthippe IV' 9-max Seat #2 is the button
Seat 1: okotokian1 ($2 in chips) 
Seat 2: zibik2 ($2 in chips) 
Seat 3: twitty31 ($1.45 in chips) 
Seat 4: Dorex2007 ($3.04 in chips) 
Seat 5: ArlanSilvaBr ($0.73 in chips) 
Seat 6: piernen ($2.63 in chips) 
Seat 7: julavi ($1.98 in chips) 
Seat 8: Filmeister ($1.04 in chips) 
Seat 9: Kondratiy ($1.63 in chips) 
twitty31: posts small blind $0.01
Dorex2007: posts big blind $0.02
*** HOLE CARDS ***
Dealt to Dorex2007 [8c 9d]
ArlanSilvaBr has timed out
ArlanSilvaBr: folds 
piernen: calls $0.02
julavi: folds 
Filmeister: calls $0.02
Kondratiy: folds 
okotokian1: folds 
zibik2: calls $0.02
twitty31: calls $0.01
Dorex2007: checks 
*** FLOP *** [6s Ac Jh]
twitty31: checks 
Dorex2007: checks 
piernen: checks 
Filmeister: checks 
zibik2: checks 
*** TURN *** [6s Ac Jh] [Ad]
twitty31: checks 
Dorex2007: checks 
piernen: checks 
Filmeister: bets $0.02
zibik2: calls $0.02
twitty31: folds 
Dorex2007: folds 
piernen: folds 
*** RIVER *** [6s Ac Jh Ad] [3d]
Filmeister: checks 
zibik2: checks 
*** SHOW DOWN ***
Filmeister: shows [Jd Tc] (two pair, Aces and Jacks)
zibik2: mucks hand 
Filmeister collected $0.14 from pot
*** SUMMARY ***
Total pot $0.14 | Rake $0 
Board [6s Ac Jh Ad 3d]
Seat 1: okotokian1 folded before Flop (didn't bet)
Seat 2: zibik2 (button) mucked [4h 4c]
Seat 3: twitty31 (small blind) folded on the Turn
Seat 4: Dorex2007 (big blind) folded on the Turn
Seat 5: ArlanSilvaBr folded before Flop (didn't bet)
Seat 6: piernen folded on the Turn
Seat 7: julavi folded before Flop (didn't bet)
Seat 8: Filmeister showed [Jd Tc] and won ($0.14) with two pair, Aces and Jacks
Seat 9: Kondratiy folded before Flop (didn't bet)



PokerStars Hand #232819803403:  Hold'em No Limit ($0.01/$0.02 USD) - 2022/01/04 13:13:59 PT [2022/01/04 16:13:59 ET]
Table 'Xanthippe IV' 9-max Seat #3 is the button
Seat 1: okotokian1 ($2 in chips) 
Seat 2: zibik2 ($2 in chips) 
Seat 3: twitty31 ($1.43 in chips) 
Seat 4: Dorex2007 ($3.02 in chips) 
Seat 5: ArlanSilvaBr ($0.73 in chips) 
Seat 6: piernen ($2.61 in chips) 
Seat 7: julavi ($1.98 in chips) 
Seat 8: Filmeister ($1.14 in chips) 
Seat 9: Kondratiy ($1.63 in chips) 
Dorex2007: posts small blind $0.01
ArlanSilvaBr: posts big blind $0.02
*** HOLE CARDS ***
Dealt to Dorex2007 [Jd 6d]
piernen: folds 
julavi: folds 
Filmeister: folds 
Kondratiy: folds 
okotokian1: folds 
zibik2: folds 
twitty31: folds 
Dorex2007: folds 
Uncalled bet ($0.01) returned to ArlanSilvaBr
ArlanSilvaBr collected $0.02 from pot
ArlanSilvaBr: doesn't show hand 
*** SUMMARY ***
Total pot $0.02 | Rake $0 
Seat 1: okotokian1 folded before Flop (didn't bet)
Seat 2: zibik2 folded before Flop (didn't bet)
Seat 3: twitty31 (button) folded before Flop (didn't bet)
Seat 4: Dorex2007 (small blind) folded before Flop
Seat 5: ArlanSilvaBr (big blind) collected ($0.02)
Seat 6: piernen folded before Flop (didn't bet)
Seat 7: julavi folded before Flop (didn't bet)
Seat 8: Filmeister folded before Flop (didn't bet)
Seat 9: Kondratiy folded before Flop (didn't bet)



PokerStars Hand #232819817154:  Hold'em No Limit ($0.01/$0.02 USD) - 2022/01/04 13:14:21 PT [2022/01/04 16:14:21 ET]
Table 'Xanthippe IV' 9-max Seat #4 is the button
Seat 1: okotokian1 ($2 in chips) 
Seat 2: zibik2 ($2 in chips) 
Seat 3: twitty31 ($1.43 in chips) 
Seat 4: Dorex2007 ($3.01 in chips) 
Seat 5: ArlanSilvaBr ($0.74 in chips) 
Seat 6: piernen ($2.61 in chips) 
Seat 7: julavi ($1.98 in chips) 
Seat 8: Filmeister ($1.14 in chips) 
Seat 9: Kondratiy ($1.63 in chips) 
ArlanSilvaBr: posts small blind $0.01
piernen: posts big blind $0.02
*** HOLE CARDS ***
Dealt to Dorex2007 [Kh 8h]
julavi: raises $0.04 to $0.06
Filmeister: folds 
Kondratiy: folds 
okotokian1: folds 
zibik2: folds 
twitty31: folds 
Dorex2007: folds 
ArlanSilvaBr: calls $0.05
piernen: calls $0.04
*** FLOP *** [Kd 2c Kc]
ArlanSilvaBr: bets $0.02
piernen: calls $0.02
julavi: raises $0.12 to $0.14
ArlanSilvaBr: folds 
piernen: raises $0.12 to $0.26
julavi: calls $0.12
*** TURN *** [Kd 2c Kc] [5d]
piernen: checks 
julavi: checks 
*** RIVER *** [Kd 2c Kc 5d] [7h]
piernen: bets $0.16
julavi: raises $0.90 to $1.06
piernen: calls $0.90
*** SHOW DOWN ***
julavi: shows [7d 7c] (a full house, Sevens full of Kings)
piernen: mucks hand 
julavi collected $2.74 from pot
*** SUMMARY ***
Total pot $2.84 | Rake $0.10 
Board [Kd 2c Kc 5d 7h]
Seat 1: okotokian1 folded before Flop (didn't bet)
Seat 2: zibik2 folded before Flop (didn't bet)
Seat 3: twitty31 folded before Flop (didn't bet)
Seat 4: Dorex2007 (button) folded before Flop (didn't bet)
Seat 5: ArlanSilvaBr (small blind) folded on the Flop
Seat 6: piernen (big blind) mucked [Ks As]
Seat 7: julavi showed [7d 7c] and won ($2.74) with a full house, Sevens full of Kings
Seat 8: Filmeister folded before Flop (didn't bet)
Seat 9: Kondratiy folded before Flop (didn't bet)



PokerStars Hand #232819884347:  Hold'em No Limit ($0.01/$0.02 USD) - 2022/01/04 13:16:06 PT [2022/01/04 16:16:06 ET]
Table 'Xanthippe IV' 9-max Seat #5 is the button
Seat 1: okotokian1 ($2 in chips) 
Seat 2: zibik2 ($2 in chips) 
Seat 3: twitty31 ($1.43 in chips) 
Seat 4: Dorex2007 ($3.01 in chips) 
Seat 5: ArlanSilvaBr ($0.66 in chips) 
Seat 6: piernen ($1.23 in chips) 
Seat 8: Filmeister ($1.14 in chips) 
Seat 9: Kondratiy ($1.63 in chips) 
piernen: posts small blind $0.01
julavi: is sitting out 
Filmeister: posts big blind $0.02
*** HOLE CARDS ***
Dealt to Dorex2007 [7c 6h]
Kondratiy: folds 
okotokian1: folds 
zibik2: folds 
twitty31: calls $0.02
Dorex2007: folds 
ArlanSilvaBr: calls $0.02
piernen: raises $0.02 to $0.04
Filmeister: calls $0.02
twitty31: calls $0.02
ArlanSilvaBr: calls $0.02
*** FLOP *** [3c Jh 5s]
piernen: checks 
Filmeister: checks 
twitty31: bets $0.16
ArlanSilvaBr: calls $0.16
piernen: folds 
Filmeister: folds 
*** TURN *** [3c Jh 5s] [4d]
twitty31: checks 
ArlanSilvaBr: bets $0.02
twitty31: calls $0.02
*** RIVER *** [3c Jh 5s 4d] [Qd]
twitty31: checks 
ArlanSilvaBr: bets $0.02
twitty31: calls $0.02
*** SHOW DOWN ***
ArlanSilvaBr: shows [6c Ks] (high card King)
twitty31: shows [6s Js] (a pair of Jacks)
twitty31 collected $0.54 from pot
*** SUMMARY ***
Total pot $0.56 | Rake $0.02 
Board [3c Jh 5s 4d Qd]
Seat 1: okotokian1 folded before Flop (didn't bet)
Seat 2: zibik2 folded before Flop (didn't bet)
Seat 3: twitty31 showed [6s Js] and won ($0.54) with a pair of Jacks
Seat 4: Dorex2007 folded before Flop (didn't bet)
Seat 5: ArlanSilvaBr (button) showed [6c Ks] and lost with high card King
Seat 6: piernen (small blind) folded on the Flop
Seat 8: Filmeister (big blind) folded on the Flop
Seat 9: Kondratiy folded before Flop (didn't bet)



PokerStars Hand #232819941022:  Hold'em No Limit ($0.01/$0.02 USD) - 2022/01/04 13:17:23 PT [2022/01/04 16:17:23 ET]
Table 'Xanthippe IV' 9-max Seat #6 is the button
Seat 2: zibik2 ($2 in chips) 
Seat 3: twitty31 ($1.73 in chips) 
Seat 4: Dorex2007 ($3.01 in chips) 
Seat 5: ArlanSilvaBr ($0.42 in chips) 
Seat 6: piernen ($1.19 in chips) 
Seat 8: Filmeister ($1.10 in chips) 
Seat 9: Kondratiy ($1.63 in chips) 
Filmeister: posts small blind $0.01
Kondratiy: posts big blind $0.02
*** HOLE CARDS ***
Dealt to Dorex2007 [Ks 6c]
zibik2: folds 
twitty31: folds 
Dorex2007: folds 
ArlanSilvaBr: raises $0.40 to $0.42 and is all-in
piernen: folds 
Filmeister: folds 
Kondratiy: folds 
Uncalled bet ($0.40) returned to ArlanSilvaBr
ArlanSilvaBr collected $0.05 from pot
ArlanSilvaBr: doesn't show hand 
*** SUMMARY ***
Total pot $0.05 | Rake $0 
Seat 2: zibik2 folded before Flop (didn't bet)
Seat 3: twitty31 folded before Flop (didn't bet)
Seat 4: Dorex2007 folded before Flop (didn't bet)
Seat 5: ArlanSilvaBr collected ($0.05)
Seat 6: piernen (button) folded before Flop (didn't bet)
Seat 8: Filmeister (small blind) folded before Flop
Seat 9: Kondratiy (big blind) folded before Flop



PokerStars Hand #232819956965:  Hold'em No Limit ($0.01/$0.02 USD) - 2022/01/04 13:17:48 PT [2022/01/04 16:17:48 ET]
Table 'Xanthippe IV' 9-max Seat #8 is the button
Seat 2: zibik2 ($2 in chips) 
Seat 3: twitty31 ($1.73 in chips) 
Seat 4: Dorex2007 ($3.01 in chips) 
Seat 5: ArlanSilvaBr ($0.45 in chips) 
Seat 6: piernen ($1.19 in chips) 
Seat 8: Filmeister ($1.09 in chips) 
Seat 9: Kondratiy ($1.61 in chips) 
Kondratiy: posts small blind $0.01
zibik2: posts big blind $0.02
*** HOLE CARDS ***
Dealt to Dorex2007 [3c 9s]
twitty31: folds 
Dorex2007: folds 
ArlanSilvaBr: calls $0.02
piernen: calls $0.02
Filmeister: folds 
Kondratiy: folds 
zibik2: checks 
*** FLOP *** [Ad 5c Td]
zibik2: checks 
ArlanSilvaBr: bets $0.43 and is all-in
piernen: folds 
zibik2: folds 
Uncalled bet ($0.43) returned to ArlanSilvaBr
ArlanSilvaBr collected $0.07 from pot
ArlanSilvaBr: doesn't show hand 
*** SUMMARY ***
Total pot $0.07 | Rake $0 
Board [Ad 5c Td]
Seat 2: zibik2 (big blind) folded on the Flop
Seat 3: twitty31 folded before Flop (didn't bet)
Seat 4: Dorex2007 folded before Flop (didn't bet)
Seat 5: ArlanSilvaBr collected ($0.07)
Seat 6: piernen folded on the Flop
Seat 8: Filmeister (button) folded before Flop (didn't bet)
Seat 9: Kondratiy (small blind) folded before Flop



PokerStars Hand #232819986217:  Hold'em No Limit ($0.01/$0.02 USD) - 2022/01/04 13:18:33 PT [2022/01/04 16:18:33 ET]
Table 'Xanthippe IV' 9-max Seat #9 is the button
Seat 2: zibik2 ($2 in chips) 
Seat 3: twitty31 ($1.73 in chips) 
Seat 4: Dorex2007 ($3.01 in chips) 
Seat 5: ArlanSilvaBr ($0.50 in chips) 
Seat 6: piernen ($1.17 in chips) 
Seat 8: Filmeister ($1.09 in chips) 
Seat 9: Kondratiy ($1.60 in chips) 
zibik2: posts small blind $0.01
twitty31: posts big blind $0.02
*** HOLE CARDS ***
Dealt to Dorex2007 [Js 7c]
Dorex2007: folds 
ArlanSilvaBr: calls $0.02
piernen: folds 
Filmeister: calls $0.02
Kondratiy: folds 
zibik2: calls $0.01
twitty31: checks 
*** FLOP *** [As 5d 3c]
zibik2: checks 
twitty31: bets $0.12
ArlanSilvaBr: folds 
Filmeister: folds 
zibik2: folds 
Uncalled bet ($0.12) returned to twitty31
twitty31 collected $0.08 from pot
*** SUMMARY ***
Total pot $0.08 | Rake $0 
Board [As 5d 3c]
Seat 2: zibik2 (small blind) folded on the Flop
Seat 3: twitty31 (big blind) collected ($0.08)
Seat 4: Dorex2007 folded before Flop (didn't bet)
Seat 5: ArlanSilvaBr folded on the Flop
Seat 6: piernen folded before Flop (didn't bet)
Seat 8: Filmeister folded on the Flop
Seat 9: Kondratiy (button) folded before Flop (didn't bet)



PokerStars Hand #232820029321:  Hold'em No Limit ($0.01/$0.02 USD) - 2022/01/04 13:19:29 PT [2022/01/04 16:19:29 ET]
Table 'Xanthippe IV' 9-max Seat #2 is the button
Seat 1: okotokian1 ($2 in chips) 
Seat 2: zibik2 ($2 in chips) 
Seat 3: twitty31 ($1.79 in chips) 
Seat 4: Dorex2007 ($3.01 in chips) 
Seat 5: ArlanSilvaBr ($0.48 in chips) 
Seat 6: piernen ($1.17 in chips) 
Seat 8: Filmeister ($1.07 in chips) 
Seat 9: Kondratiy ($1.60 in chips) 
twitty31: posts small blind $0.01
Dorex2007: posts big blind $0.02
okotokian1: posts small & big blinds $0.03
*** HOLE CARDS ***
Dealt to Dorex2007 [5h 4h]
ArlanSilvaBr: folds 
piernen: folds 
Filmeister: folds 
Kondratiy: folds 
okotokian1: checks 
zibik2: folds 
twitty31: folds 
Dorex2007: checks 
*** FLOP *** [8d 3c 9h]
Dorex2007: checks 
okotokian1: checks 
*** TURN *** [8d 3c 9h] [5d]
Dorex2007: bets $0.04
okotokian1: raises $0.07 to $0.11
Dorex2007: calls $0.07
*** RIVER *** [8d 3c 9h 5d] [Qs]
Dorex2007: bets $0.10
okotokian1: raises $0.24 to $0.34
Dorex2007: folds 
Uncalled bet ($0.24) returned to okotokian1
okotokian1 collected $0.46 from pot
*** SUMMARY ***
Total pot $0.48 | Rake $0.02 
Board [8d 3c 9h 5d Qs]
Seat 1: okotokian1 collected ($0.46)
Seat 2: zibik2 (button) folded before Flop (didn't bet)
Seat 3: twitty31 (small blind) folded before Flop
Seat 4: Dorex2007 (big blind) folded on the River
Seat 5: ArlanSilvaBr folded before Flop (didn't bet)
Seat 6: piernen folded before Flop (didn't bet)
Seat 8: Filmeister folded before Flop (didn't bet)
Seat 9: Kondratiy folded before Flop (didn't bet)



PokerStars Hand #232820065587:  Hold'em No Limit ($0.01/$0.02 USD) - 2022/01/04 13:20:25 PT [2022/01/04 16:20:25 ET]
Table 'Xanthippe IV' 9-max Seat #3 is the button
Seat 1: okotokian1 ($2.22 in chips) 
Seat 2: zibik2 ($2 in chips) 
Seat 3: twitty31 ($1.78 in chips) 
Seat 4: Dorex2007 ($2.78 in chips) 
Seat 5: ArlanSilvaBr ($0.48 in chips) 
Seat 6: piernen ($1.17 in chips) 
Seat 8: Filmeister ($1.07 in chips) 
Seat 9: Kondratiy ($1.60 in chips) 
Dorex2007: posts small blind $0.01
ArlanSilvaBr: posts big blind $0.02
*** HOLE CARDS ***
Dealt to Dorex2007 [4s 2d]
piernen: raises $0.02 to $0.04
Filmeister: calls $0.04
Kondratiy: folds 
okotokian1: folds 
zibik2: folds 
twitty31: folds 
Dorex2007: folds 
ArlanSilvaBr: calls $0.02
*** FLOP *** [4h 6h 8d]
ArlanSilvaBr: bets $0.02
piernen: calls $0.02
Filmeister: calls $0.02
*** TURN *** [4h 6h 8d] [Kc]
ArlanSilvaBr: bets $0.02
piernen: calls $0.02
Filmeister: folds 
*** RIVER *** [4h 6h 8d Kc] [9d]
ArlanSilvaBr: bets $0.02
piernen: raises $0.14 to $0.16
ArlanSilvaBr has timed out
ArlanSilvaBr: folds 
Uncalled bet ($0.14) returned to piernen
piernen collected $0.26 from pot
piernen: doesn't show hand 
*** SUMMARY ***
Total pot $0.27 | Rake $0.01 
Board [4h 6h 8d Kc 9d]
Seat 1: okotokian1 folded before Flop (didn't bet)
Seat 2: zibik2 folded before Flop (didn't bet)
Seat 3: twitty31 (button) folded before Flop (didn't bet)
Seat 4: Dorex2007 (small blind) folded before Flop
Seat 5: ArlanSilvaBr (big blind) folded on the River
Seat 6: piernen collected ($0.26)
Seat 8: Filmeister folded on the Turn
Seat 9: Kondratiy folded before Flop (didn't bet)



PokerStars Hand #232820126590:  Hold'em No Limit ($0.01/$0.02 USD) - 2022/01/04 13:22:00 PT [2022/01/04 16:22:00 ET]
Table 'Xanthippe IV' 9-max Seat #4 is the button
Seat 1: okotokian1 ($2.22 in chips) 
Seat 2: zibik2 ($2 in chips) 
Seat 3: twitty31 ($1.78 in chips) 
Seat 4: Dorex2007 ($2.77 in chips) 
Seat 6: piernen ($1.33 in chips) 
Seat 8: Filmeister ($1.01 in chips) 
Seat 9: Kondratiy ($1.60 in chips) 
piernen: posts small blind $0.01
Filmeister: posts big blind $0.02
*** HOLE CARDS ***
Dealt to Dorex2007 [3s 2h]
Kondratiy: folds 
okotokian1: folds 
zibik2: raises $0.06 to $0.08
twitty31: folds 
Dorex2007: folds 
piernen: folds 
Filmeister: folds 
Uncalled bet ($0.06) returned to zibik2
zibik2 collected $0.05 from pot
*** SUMMARY ***
Total pot $0.05 | Rake $0 
Seat 1: okotokian1 folded before Flop (didn't bet)
Seat 2: zibik2 collected ($0.05)
Seat 3: twitty31 folded before Flop (didn't bet)
Seat 4: Dorex2007 (button) folded before Flop (didn't bet)
Seat 6: piernen (small blind) folded before Flop
Seat 8: Filmeister (big blind) folded before Flop
Seat 9: Kondratiy folded before Flop (didn't bet)



PokerStars Hand #232820141253:  Hold'em No Limit ($0.01/$0.02 USD) - 2022/01/04 13:22:23 PT [2022/01/04 16:22:23 ET]
Table 'Xanthippe IV' 9-max Seat #6 is the button
Seat 1: okotokian1 ($2.22 in chips) 
Seat 2: zibik2 ($2.03 in chips) 
Seat 3: twitty31 ($1.78 in chips) 
Seat 4: Dorex2007 ($2.77 in chips) 
Seat 5: ArlanSilvaBr ($0.38 in chips) 
Seat 6: piernen ($1.32 in chips) 
Seat 8: Filmeister ($0.99 in chips) 
Seat 9: Kondratiy ($1.60 in chips) 
Filmeister: posts small blind $0.01
Kondratiy: posts big blind $0.02
ArlanSilvaBr: posts small blind $0.01
*** HOLE CARDS ***
Dealt to Dorex2007 [5s As]
okotokian1: folds 
zibik2: raises $0.08 to $0.10
twitty31: folds 
Dorex2007: folds 
ArlanSilvaBr: folds 
piernen: folds 
Filmeister: folds 
Kondratiy: folds 
Uncalled bet ($0.08) returned to zibik2
zibik2 collected $0.06 from pot
*** SUMMARY ***
Total pot $0.06 | Rake $0 
Seat 1: okotokian1 folded before Flop (didn't bet)
Seat 2: zibik2 collected ($0.06)
Seat 3: twitty31 folded before Flop (didn't bet)
Seat 4: Dorex2007 folded before Flop (didn't bet)
Seat 5: ArlanSilvaBr folded before Flop (didn't bet)
Seat 6: piernen (button) folded before Flop (didn't bet)
Seat 8: Filmeister (small blind) folded before Flop
Seat 9: Kondratiy (big blind) folded before Flop



PokerStars Hand #232820157573:  Hold'em No Limit ($0.01/$0.02 USD) - 2022/01/04 13:22:48 PT [2022/01/04 16:22:48 ET]
Table 'Xanthippe IV' 9-max Seat #8 is the button
Seat 1: okotokian1 ($2.22 in chips) 
Seat 2: zibik2 ($2.07 in chips) 
Seat 3: twitty31 ($1.78 in chips) 
Seat 4: Dorex2007 ($2.77 in chips) 
Seat 5: ArlanSilvaBr ($0.37 in chips) 
Seat 6: piernen ($1.32 in chips) 
Seat 8: Filmeister ($0.98 in chips) 
Seat 9: Kondratiy ($1.58 in chips) 
Kondratiy: posts small blind $0.01
okotokian1: posts big blind $0.02
*** HOLE CARDS ***
Dealt to Dorex2007 [9c Kh]
zibik2: folds 
twitty31: calls $0.02
Dorex2007: folds 
ArlanSilvaBr: folds 
piernen: calls $0.02
Filmeister: folds 
Kondratiy: folds 
okotokian1: checks 
*** FLOP *** [8c Ah Td]
okotokian1: checks 
twitty31: checks 
piernen: checks 
*** TURN *** [8c Ah Td] [7h]
okotokian1: checks 
twitty31: checks 
piernen: bets $0.04
okotokian1: folds 
twitty31: calls $0.04
*** RIVER *** [8c Ah Td 7h] [As]
twitty31: checks 
piernen: checks 
*** SHOW DOWN ***
twitty31: shows [4c 6c] (a pair of Aces)
piernen: shows [6d 7c] (two pair, Aces and Sevens)
piernen collected $0.14 from pot
*** SUMMARY ***
Total pot $0.15 | Rake $0.01 
Board [8c Ah Td 7h As]
Seat 1: okotokian1 (big blind) folded on the Turn
Seat 2: zibik2 folded before Flop (didn't bet)
Seat 3: twitty31 showed [4c 6c] and lost with a pair of Aces
Seat 4: Dorex2007 folded before Flop (didn't bet)
Seat 5: ArlanSilvaBr folded before Flop (didn't bet)
Seat 6: piernen showed [6d 7c] and won ($0.14) with two pair, Aces and Sevens
Seat 8: Filmeister (button) folded before Flop (didn't bet)
Seat 9: Kondratiy (small blind) folded before Flop



PokerStars Hand #232820197357:  Hold'em No Limit ($0.01/$0.02 USD) - 2022/01/04 13:23:49 PT [2022/01/04 16:23:49 ET]
Table 'Xanthippe IV' 9-max Seat #9 is the button
Seat 1: okotokian1 ($2.20 in chips) 
Seat 2: zibik2 ($2.07 in chips) 
Seat 3: twitty31 ($1.72 in chips) 
Seat 4: Dorex2007 ($2.77 in chips) 
Seat 5: ArlanSilvaBr ($0.37 in chips) 
Seat 6: piernen ($1.40 in chips) 
Seat 8: Filmeister ($0.98 in chips) 
Seat 9: Kondratiy ($1.57 in chips) 
okotokian1: posts small blind $0.01
zibik2: posts big blind $0.02
*** HOLE CARDS ***
Dealt to Dorex2007 [Jd 2h]
twitty31: calls $0.02
Dorex2007: folds 
ArlanSilvaBr: folds 
piernen: calls $0.02
Filmeister: folds 
Kondratiy: folds 
okotokian1: calls $0.01
zibik2: checks 
*** FLOP *** [4c 9d Kc]
okotokian1: checks 
zibik2: bets $0.06
twitty31: calls $0.06
piernen: calls $0.06
okotokian1: raises $0.16 to $0.22
zibik2: raises $0.50 to $0.72
twitty31: calls $0.66
piernen: folds 
okotokian1: folds 
*** TURN *** [4c 9d Kc] [Td]
zibik2: bets $1.33 and is all-in
twitty31: calls $0.98 and is all-in
Uncalled bet ($0.35) returned to zibik2
*** RIVER *** [4c 9d Kc Td] [Qh]
*** SHOW DOWN ***
zibik2: shows [Kh 4h] (two pair, Kings and Fours)
twitty31: shows [Kd Jc] (a straight, Nine to King)
twitty31 collected $3.60 from pot
*** SUMMARY ***
Total pot $3.76 | Rake $0.16 
Board [4c 9d Kc Td Qh]
Seat 1: okotokian1 (small blind) folded on the Flop
Seat 2: zibik2 (big blind) showed [Kh 4h] and lost with two pair, Kings and Fours
Seat 3: twitty31 showed [Kd Jc] and won ($3.60) with a straight, Nine to King
Seat 4: Dorex2007 folded before Flop (didn't bet)
Seat 5: ArlanSilvaBr folded before Flop (didn't bet)
Seat 6: piernen folded on the Flop
Seat 8: Filmeister folded before Flop (didn't bet)
Seat 9: Kondratiy (button) folded before Flop (didn't bet)



PokerStars Hand #232820246703:  Hold'em No Limit ($0.01/$0.02 USD) - 2022/01/04 13:25:07 PT [2022/01/04 16:25:07 ET]
Table 'Xanthippe IV' 9-max Seat #1 is the button
Seat 1: okotokian1 ($2 in chips) 
Seat 2: zibik2 ($2 in chips) 
Seat 3: twitty31 ($3.60 in chips) 
Seat 4: Dorex2007 ($2.77 in chips) 
Seat 5: ArlanSilvaBr ($0.37 in chips) 
Seat 6: piernen ($1.32 in chips) 
Seat 8: Filmeister ($0.98 in chips) 
Seat 9: Kondratiy ($1.57 in chips) 
zibik2: posts small blind $0.01
twitty31: posts big blind $0.02
*** HOLE CARDS ***
Dealt to Dorex2007 [8c Qh]
Dorex2007: folds 
ArlanSilvaBr has timed out
ArlanSilvaBr: folds 
piernen: folds 
Filmeister: raises $0.02 to $0.04
Kondratiy: raises $0.04 to $0.08
okotokian1: folds 
zibik2: folds 
twitty31: folds 
Filmeister: calls $0.04
*** FLOP *** [Kh 2c Ac]
Filmeister: checks 
Kondratiy: checks 
*** TURN *** [Kh 2c Ac] [2h]
Filmeister: checks 
Kondratiy: bets $0.06
Filmeister: calls $0.06
*** RIVER *** [Kh 2c Ac 2h] [5d]
Filmeister: checks 
Kondratiy: bets $0.15
Filmeister: folds 
Uncalled bet ($0.15) returned to Kondratiy
Kondratiy collected $0.30 from pot
Kondratiy: doesn't show hand 
*** SUMMARY ***
Total pot $0.31 | Rake $0.01 
Board [Kh 2c Ac 2h 5d]
Seat 1: okotokian1 (button) folded before Flop (didn't bet)
Seat 2: zibik2 (small blind) folded before Flop
Seat 3: twitty31 (big blind) folded before Flop
Seat 4: Dorex2007 folded before Flop (didn't bet)
Seat 5: ArlanSilvaBr folded before Flop (didn't bet)
Seat 6: piernen folded before Flop (didn't bet)
Seat 8: Filmeister folded on the River
Seat 9: Kondratiy collected ($0.30)



PokerStars Hand #232820289572:  Hold'em No Limit ($0.01/$0.02 USD) - 2022/01/04 13:26:14 PT [2022/01/04 16:26:14 ET]
Table 'Xanthippe IV' 9-max Seat #2 is the button
Seat 1: okotokian1 ($2 in chips) 
Seat 2: zibik2 ($2 in chips) 
Seat 3: twitty31 ($3.58 in chips) 
Seat 4: Dorex2007 ($2.77 in chips) 
Seat 5: ArlanSilvaBr ($0.37 in chips) 
Seat 6: piernen ($1.32 in chips) 
Seat 8: Filmeister ($0.84 in chips) 
Seat 9: Kondratiy ($1.73 in chips) 
twitty31: posts small blind $0.01
Dorex2007: posts big blind $0.02
*** HOLE CARDS ***
Dealt to Dorex2007 [5c 9c]
ArlanSilvaBr: calls $0.02
piernen: calls $0.02
Filmeister: folds 
Kondratiy: folds 
okotokian1: calls $0.02
zibik2: folds 
twitty31: folds 
Dorex2007: checks 
*** FLOP *** [Tc Jh 4h]
Dorex2007: checks 
ArlanSilvaBr: bets $0.02
piernen: folds 
okotokian1: calls $0.02
Dorex2007: folds 
*** TURN *** [Tc Jh 4h] [8c]
ArlanSilvaBr: bets $0.02
okotokian1: calls $0.02
*** RIVER *** [Tc Jh 4h 8c] [Qd]
ArlanSilvaBr: bets $0.02
okotokian1: calls $0.02
*** SHOW DOWN ***
ArlanSilvaBr: shows [Th Jc] (two pair, Jacks and Tens)
okotokian1: mucks hand 
ArlanSilvaBr collected $0.20 from pot
*** SUMMARY ***
Total pot $0.21 | Rake $0.01 
Board [Tc Jh 4h 8c Qd]
Seat 1: okotokian1 mucked [Ad Qc]
Seat 2: zibik2 (button) folded before Flop (didn't bet)
Seat 3: twitty31 (small blind) folded before Flop
Seat 4: Dorex2007 (big blind) folded on the Flop
Seat 5: ArlanSilvaBr showed [Th Jc] and won ($0.20) with two pair, Jacks and Tens
Seat 6: piernen folded on the Flop
Seat 8: Filmeister folded before Flop (didn't bet)
Seat 9: Kondratiy folded before Flop (didn't bet)



PokerStars Hand #232820321012:  Hold'em No Limit ($0.01/$0.02 USD) - 2022/01/04 13:27:03 PT [2022/01/04 16:27:03 ET]
Table 'Xanthippe IV' 9-max Seat #4 is the button
Seat 1: okotokian1 ($2 in chips) 
Seat 2: zibik2 ($2 in chips) 
Seat 4: Dorex2007 ($2.75 in chips) 
Seat 5: ArlanSilvaBr ($0.49 in chips) 
Seat 6: piernen ($1.30 in chips) 
Seat 8: Filmeister ($0.84 in chips) 
Seat 9: Kondratiy ($1.73 in chips) 
ArlanSilvaBr: posts small blind $0.01
piernen: posts big blind $0.02
*** HOLE CARDS ***
Dealt to Dorex2007 [8s 7h]
Filmeister: folds 
Kondratiy: folds 
okotokian1: folds 
zibik2: raises $0.04 to $0.06
Dorex2007: folds 
ArlanSilvaBr: folds 
piernen: folds 
Uncalled bet ($0.04) returned to zibik2
zibik2 collected $0.05 from pot
*** SUMMARY ***
Total pot $0.05 | Rake $0 
Seat 1: okotokian1 folded before Flop (didn't bet)
Seat 2: zibik2 collected ($0.05)
Seat 4: Dorex2007 (button) folded before Flop (didn't bet)
Seat 5: ArlanSilvaBr (small blind) folded before Flop
Seat 6: piernen (big blind) folded before Flop
Seat 8: Filmeister folded before Flop (didn't bet)
Seat 9: Kondratiy folded before Flop (didn't bet)



PokerStars Hand #232820332168:  Hold'em No Limit ($0.01/$0.02 USD) - 2022/01/04 13:27:20 PT [2022/01/04 16:27:20 ET]
Table 'Xanthippe IV' 9-max Seat #5 is the button
Seat 1: okotokian1 ($2 in chips) 
Seat 2: zibik2 ($2.03 in chips) 
Seat 4: Dorex2007 ($2.75 in chips) 
Seat 5: ArlanSilvaBr ($0.48 in chips) 
Seat 6: piernen ($1.28 in chips) 
Seat 8: Filmeister ($0.84 in chips) 
Seat 9: Kondratiy ($1.73 in chips) 
piernen: posts small blind $0.01
Filmeister: posts big blind $0.02
*** HOLE CARDS ***
Dealt to Dorex2007 [5s Td]
Kondratiy: folds 
okotokian1: folds 
zibik2: raises $0.04 to $0.06
Dorex2007: folds 
ArlanSilvaBr: folds 
piernen: folds 
Filmeister: calls $0.04
*** FLOP *** [2d 7c 2h]
Filmeister: checks 
zibik2: checks 
*** TURN *** [2d 7c 2h] [Qh]
Filmeister: checks 
zibik2: checks 
*** RIVER *** [2d 7c 2h Qh] [7d]
Filmeister: bets $0.02
zibik2: calls $0.02
*** SHOW DOWN ***
Filmeister: shows [7h Ad] (a full house, Sevens full of Deuces)
zibik2: mucks hand 
Filmeister collected $0.16 from pot
*** SUMMARY ***
Total pot $0.17 | Rake $0.01 
Board [2d 7c 2h Qh 7d]
Seat 1: okotokian1 folded before Flop (didn't bet)
Seat 2: zibik2 mucked [As 8s]
Seat 4: Dorex2007 folded before Flop (didn't bet)
Seat 5: ArlanSilvaBr (button) folded before Flop (didn't bet)
Seat 6: piernen (small blind) folded before Flop
Seat 8: Filmeister (big blind) showed [7h Ad] and won ($0.16) with a full house, Sevens full of Deuces
Seat 9: Kondratiy folded before Flop (didn't bet)



PokerStars Hand #232820355698:  Hold'em No Limit ($0.01/$0.02 USD) - 2022/01/04 13:27:57 PT [2022/01/04 16:27:57 ET]
Table 'Xanthippe IV' 9-max Seat #6 is the button
Seat 1: okotokian1 ($2 in chips) 
Seat 2: zibik2 ($2 in chips) 
Seat 4: Dorex2007 ($2.75 in chips) 
Seat 5: ArlanSilvaBr ($0.48 in chips) 
Seat 6: piernen ($1.27 in chips) 
Seat 8: Filmeister ($0.92 in chips) 
Seat 9: Kondratiy ($1.73 in chips) 
Filmeister: posts small blind $0.01
Kondratiy: posts big blind $0.02
*** HOLE CARDS ***
Dealt to Dorex2007 [Qs 7d]
okotokian1: folds 
zibik2: folds 
Dorex2007: folds 
ArlanSilvaBr: folds 
piernen: raises $0.02 to $0.04
Filmeister: calls $0.03
Kondratiy: calls $0.02
*** FLOP *** [5d 7h Ts]
Filmeister: checks 
Kondratiy: checks 
piernen: bets $0.08
Filmeister: folds 
Kondratiy: calls $0.08
*** TURN *** [5d 7h Ts] [7c]
Kondratiy: checks 
piernen: bets $0.18
Kondratiy: calls $0.18
*** RIVER *** [5d 7h Ts 7c] [3c]
Kondratiy: checks 
piernen: checks 
*** SHOW DOWN ***
Kondratiy: shows [Js Td] (two pair, Tens and Sevens)
piernen: shows [Qd Tc] (two pair, Tens and Sevens - Queen kicker)
piernen collected $0.62 from pot
*** SUMMARY ***
Total pot $0.64 | Rake $0.02 
Board [5d 7h Ts 7c 3c]
Seat 1: okotokian1 folded before Flop (didn't bet)
Seat 2: zibik2 folded before Flop (didn't bet)
Seat 4: Dorex2007 folded before Flop (didn't bet)
Seat 5: ArlanSilvaBr folded before Flop (didn't bet)
Seat 6: piernen (button) showed [Qd Tc] and won ($0.62) with two pair, Tens and Sevens
Seat 8: Filmeister (small blind) folded on the Flop
Seat 9: Kondratiy (big blind) showed [Js Td] and lost with two pair, Tens and Sevens



PokerStars Hand #232820384106:  Hold'em No Limit ($0.01/$0.02 USD) - 2022/01/04 13:28:41 PT [2022/01/04 16:28:41 ET]
Table 'Xanthippe IV' 9-max Seat #8 is the button
Seat 1: okotokian1 ($2 in chips) 
Seat 2: zibik2 ($2 in chips) 
Seat 4: Dorex2007 ($2.75 in chips) 
Seat 5: ArlanSilvaBr ($0.48 in chips) 
Seat 6: piernen ($1.59 in chips) 
Seat 8: Filmeister ($0.88 in chips) 
Seat 9: Kondratiy ($1.43 in chips) 
Kondratiy: posts small blind $0.01
okotokian1: posts big blind $0.02
*** HOLE CARDS ***
Dealt to Dorex2007 [6c 9d]
zibik2: folds 
Dorex2007: folds 
ArlanSilvaBr: calls $0.02
piernen: calls $0.02
Filmeister: folds 
Kondratiy: folds 
okotokian1: checks 
*** FLOP *** [7d 5h Qc]
okotokian1: checks 
ArlanSilvaBr: checks 
piernen: checks 
*** TURN *** [7d 5h Qc] [Jh]
okotokian1: checks 
ArlanSilvaBr: bets $0.02
piernen: folds 
okotokian1: calls $0.02
*** RIVER *** [7d 5h Qc Jh] [5d]
okotokian1: checks 
ArlanSilvaBr: bets $0.04
okotokian1: folds 
Uncalled bet ($0.04) returned to ArlanSilvaBr
ArlanSilvaBr collected $0.11 from pot
ArlanSilvaBr: doesn't show hand 
*** SUMMARY ***
Total pot $0.11 | Rake $0 
Board [7d 5h Qc Jh 5d]
Seat 1: okotokian1 (big blind) folded on the River
Seat 2: zibik2 folded before Flop (didn't bet)
Seat 4: Dorex2007 folded before Flop (didn't bet)
Seat 5: ArlanSilvaBr collected ($0.11)
Seat 6: piernen folded on the Turn
Seat 8: Filmeister (button) folded before Flop (didn't bet)
Seat 9: Kondratiy (small blind) folded before Flop



PokerStars Hand #232820436353:  Hold'em No Limit ($0.01/$0.02 USD) - 2022/01/04 13:30:04 PT [2022/01/04 16:30:04 ET]
Table 'Xanthippe IV' 9-max Seat #9 is the button
Seat 1: okotokian1 ($2 in chips) 
Seat 2: zibik2 ($2 in chips) 
Seat 3: twitty31 ($3.57 in chips) 
Seat 4: Dorex2007 ($2.75 in chips) 
Seat 5: ArlanSilvaBr ($0.55 in chips) 
Seat 6: piernen ($1.57 in chips) 
Seat 8: Filmeister ($0.88 in chips) 
Seat 9: Kondratiy ($1.42 in chips) 
okotokian1: posts small blind $0.01
zibik2: posts big blind $0.02
*** HOLE CARDS ***
Dealt to Dorex2007 [Jd 6d]
twitty31: folds 
Dorex2007: folds 
ArlanSilvaBr: folds 
piernen: folds 
Filmeister: calls $0.02
Kondratiy: folds 
okotokian1: folds 
zibik2: checks 
*** FLOP *** [6s Ts 7s]
zibik2: checks 
Filmeister: bets $0.02
zibik2: calls $0.02
*** TURN *** [6s Ts 7s] [Tc]
zibik2: checks 
Filmeister: checks 
*** RIVER *** [6s Ts 7s Tc] [6c]
zibik2: checks 
Filmeister: checks 
*** SHOW DOWN ***
zibik2: shows [5h 8h] (two pair, Tens and Sixes)
Filmeister: shows [Js 8d] (two pair, Tens and Sixes - Jack kicker)
Filmeister collected $0.09 from pot
*** SUMMARY ***
Total pot $0.09 | Rake $0 
Board [6s Ts 7s Tc 6c]
Seat 1: okotokian1 (small blind) folded before Flop
Seat 2: zibik2 (big blind) showed [5h 8h] and lost with two pair, Tens and Sixes
Seat 3: twitty31 folded before Flop (didn't bet)
Seat 4: Dorex2007 folded before Flop (didn't bet)
Seat 5: ArlanSilvaBr folded before Flop (didn't bet)
Seat 6: piernen folded before Flop (didn't bet)
Seat 8: Filmeister showed [Js 8d] and won ($0.09) with two pair, Tens and Sixes
Seat 9: Kondratiy (button) folded before Flop (didn't bet)



PokerStars Hand #232820466166:  Hold'em No Limit ($0.01/$0.02 USD) - 2022/01/04 13:30:50 PT [2022/01/04 16:30:50 ET]
Table 'Xanthippe IV' 9-max Seat #1 is the button
Seat 1: okotokian1 ($2 in chips) 
Seat 2: zibik2 ($2 in chips) 
Seat 3: twitty31 ($3.57 in chips) 
Seat 4: Dorex2007 ($2.75 in chips) 
Seat 5: ArlanSilvaBr ($0.55 in chips) 
Seat 6: piernen ($1.57 in chips) 
Seat 8: Filmeister ($0.93 in chips) 
Seat 9: Kondratiy ($1.42 in chips) 
zibik2: posts small blind $0.01
twitty31: posts big blind $0.02
*** HOLE CARDS ***
Dealt to Dorex2007 [Ah 3s]
Dorex2007: folds 
ArlanSilvaBr: calls $0.02
piernen: raises $0.04 to $0.06
Filmeister: folds 
Kondratiy: folds 
okotokian1: folds 
zibik2: folds 
twitty31: calls $0.04
ArlanSilvaBr: calls $0.04
*** FLOP *** [9s Ac Ts]
twitty31: checks 
ArlanSilvaBr has timed out
ArlanSilvaBr: checks 
piernen: bets $0.08
twitty31: calls $0.08
ArlanSilvaBr: calls $0.08
*** TURN *** [9s Ac Ts] [Kc]
twitty31: checks 
ArlanSilvaBr has timed out
ArlanSilvaBr: checks 
piernen: bets $0.10
twitty31: calls $0.10
ArlanSilvaBr has timed out
ArlanSilvaBr: folds 
*** RIVER *** [9s Ac Ts Kc] [7d]
twitty31: checks 
piernen: checks 
*** SHOW DOWN ***
twitty31: shows [Qh Kd] (a pair of Kings)
piernen: shows [2s As] (a pair of Aces)
piernen collected $0.61 from pot
*** SUMMARY ***
Total pot $0.63 | Rake $0.02 
Board [9s Ac Ts Kc 7d]
Seat 1: okotokian1 (button) folded before Flop (didn't bet)
Seat 2: zibik2 (small blind) folded before Flop
Seat 3: twitty31 (big blind) showed [Qh Kd] and lost with a pair of Kings
Seat 4: Dorex2007 folded before Flop (didn't bet)
Seat 5: ArlanSilvaBr folded on the Turn
Seat 6: piernen showed [2s As] and won ($0.61) with a pair of Aces
Seat 8: Filmeister folded before Flop (didn't bet)
Seat 9: Kondratiy folded before Flop (didn't bet)



PokerStars Hand #232820542466:  Hold'em No Limit ($0.01/$0.02 USD) - 2022/01/04 13:32:50 PT [2022/01/04 16:32:50 ET]
Table 'Xanthippe IV' 9-max Seat #2 is the button
Seat 1: okotokian1 ($2 in chips) 
Seat 2: zibik2 ($2 in chips) 
Seat 3: twitty31 ($3.33 in chips) 
Seat 4: Dorex2007 ($2.75 in chips) 
Seat 5: ArlanSilvaBr ($0.41 in chips) 
Seat 6: piernen ($1.94 in chips) 
Seat 8: Filmeister ($0.93 in chips) 
Seat 9: Kondratiy ($1.42 in chips) 
twitty31: posts small blind $0.01
Dorex2007: posts big blind $0.02
*** HOLE CARDS ***
Dealt to Dorex2007 [Th As]
ArlanSilvaBr: folds 
piernen: calls $0.02
Filmeister: folds 
Kondratiy: calls $0.02
okotokian1: folds 
zibik2: folds 
Filmeister leaves the table
twitty31: folds 
Dorex2007: checks 
*** FLOP *** [2d 7s Tc]
birgit233 joins the table at seat #8 
Dorex2007: bets $0.07
piernen: folds 
Kondratiy: folds 
Uncalled bet ($0.07) returned to Dorex2007
Dorex2007 collected $0.07 from pot
Dorex2007: doesn't show hand 
*** SUMMARY ***
Total pot $0.07 | Rake $0 
Board [2d 7s Tc]
Seat 1: okotokian1 folded before Flop (didn't bet)
Seat 2: zibik2 (button) folded before Flop (didn't bet)
Seat 3: twitty31 (small blind) folded before Flop
Seat 4: Dorex2007 (big blind) collected ($0.07)
Seat 5: ArlanSilvaBr folded before Flop (didn't bet)
Seat 6: piernen folded on the Flop
Seat 8: Filmeister folded before Flop (didn't bet)
Seat 9: Kondratiy folded on the Flop



PokerStars Hand #232820563214:  Hold'em No Limit ($0.01/$0.02 USD) - 2022/01/04 13:33:23 PT [2022/01/04 16:33:23 ET]
Table 'Xanthippe IV' 9-max Seat #3 is the button
Seat 1: okotokian1 ($2 in chips) 
Seat 2: zibik2 ($2 in chips) 
Seat 3: twitty31 ($3.32 in chips) 
Seat 4: Dorex2007 ($2.80 in chips) 
Seat 5: ArlanSilvaBr ($0.41 in chips) 
Seat 6: piernen ($1.92 in chips) 
Seat 9: Kondratiy ($1.40 in chips) 
Dorex2007: posts small blind $0.01
ArlanSilvaBr: posts big blind $0.02
birgit233: sits out 
*** HOLE CARDS ***
Dealt to Dorex2007 [7d Ts]
piernen: calls $0.02
Kondratiy: folds 
okotokian1: calls $0.02
zibik2: folds 
twitty31: calls $0.02
Dorex2007: folds 
ArlanSilvaBr: checks 
*** FLOP *** [2h 8h Js]
ArlanSilvaBr: checks 
piernen: bets $0.04
okotokian1: folds 
twitty31: raises $0.20 to $0.24
ArlanSilvaBr: folds 
piernen: calls $0.20
*** TURN *** [2h 8h Js] [2s]
piernen: checks 
twitty31: bets $0.55
piernen: folds 
Uncalled bet ($0.55) returned to twitty31
twitty31 collected $0.55 from pot
*** SUMMARY ***
Total pot $0.57 | Rake $0.02 
Board [2h 8h Js 2s]
Seat 1: okotokian1 folded on the Flop
Seat 2: zibik2 folded before Flop (didn't bet)
Seat 3: twitty31 (button) collected ($0.55)
Seat 4: Dorex2007 (small blind) folded before Flop
Seat 5: ArlanSilvaBr (big blind) folded on the Flop
Seat 6: piernen folded on the Turn
Seat 9: Kondratiy folded before Flop (didn't bet)



PokerStars Hand #232820613823:  Hold'em No Limit ($0.01/$0.02 USD) - 2022/01/04 13:34:43 PT [2022/01/04 16:34:43 ET]
Table 'Xanthippe IV' 9-max Seat #4 is the button
Seat 1: okotokian1 ($2 in chips) 
Seat 2: zibik2 ($2 in chips) 
Seat 3: twitty31 ($3.61 in chips) 
Seat 4: Dorex2007 ($2.79 in chips) 
Seat 5: ArlanSilvaBr ($0.39 in chips) 
Seat 6: piernen ($1.66 in chips) 
Seat 9: Kondratiy ($1.40 in chips) 
ArlanSilvaBr: posts small blind $0.01
piernen: posts big blind $0.02
birgit233: sits out 
*** HOLE CARDS ***
Dealt to Dorex2007 [8s 9c]
Kondratiy: folds 
okotokian1: folds 
zibik2: folds 
twitty31: calls $0.02
Dorex2007: folds 
ArlanSilvaBr: raises $0.02 to $0.04
piernen: folds 
twitty31: calls $0.02
*** FLOP *** [5d 7c Js]
ArlanSilvaBr: bets $0.05
twitty31: folds 
Uncalled bet ($0.05) returned to ArlanSilvaBr
ArlanSilvaBr collected $0.10 from pot
ArlanSilvaBr: doesn't show hand 
*** SUMMARY ***
Total pot $0.10 | Rake $0 
Board [5d 7c Js]
Seat 1: okotokian1 folded before Flop (didn't bet)
Seat 2: zibik2 folded before Flop (didn't bet)
Seat 3: twitty31 folded on the Flop
Seat 4: Dorex2007 (button) folded before Flop (didn't bet)
Seat 5: ArlanSilvaBr (small blind) collected ($0.10)
Seat 6: piernen (big blind) folded before Flop
Seat 9: Kondratiy folded before Flop (didn't bet)



PokerStars Hand #232820642038:  Hold'em No Limit ($0.01/$0.02 USD) - 2022/01/04 13:35:27 PT [2022/01/04 16:35:27 ET]
Table 'Xanthippe IV' 9-max Seat #5 is the button
Seat 1: okotokian1 ($2 in chips) 
Seat 2: zibik2 ($2 in chips) 
Seat 3: twitty31 ($3.57 in chips) 
Seat 4: Dorex2007 ($2.79 in chips) 
Seat 5: ArlanSilvaBr ($0.45 in chips) 
Seat 6: piernen ($1.64 in chips) 
Seat 8: birgit233 ($2 in chips) 
Seat 9: Kondratiy ($1.40 in chips) 
piernen: posts small blind $0.01
birgit233: posts big blind $0.02
*** HOLE CARDS ***
Dealt to Dorex2007 [Ah 3h]
Kondratiy: folds 
okotokian1: folds 
zibik2: folds 
twitty31: folds 
Dorex2007: raises $0.04 to $0.06
ArlanSilvaBr: calls $0.06
piernen: calls $0.05
birgit233: folds 
*** FLOP *** [8c Jd Jh]
piernen: checks 
Dorex2007: checks 
ArlanSilvaBr: bets $0.06
piernen: calls $0.06
Dorex2007: folds 
*** TURN *** [8c Jd Jh] [Qc]
piernen: checks 
ArlanSilvaBr: checks 
*** RIVER *** [8c Jd Jh Qc] [Td]
piernen: bets $0.06
ArlanSilvaBr: raises $0.22 to $0.28
piernen: calls $0.22
*** SHOW DOWN ***
ArlanSilvaBr: shows [Kc 9d] (a straight, Nine to King)
piernen: mucks hand 
ArlanSilvaBr collected $0.85 from pot
julavi leaves the table
*** SUMMARY ***
Total pot $0.88 | Rake $0.03 
Board [8c Jd Jh Qc Td]
Seat 1: okotokian1 folded before Flop (didn't bet)
Seat 2: zibik2 folded before Flop (didn't bet)
Seat 3: twitty31 folded before Flop (didn't bet)
Seat 4: Dorex2007 folded on the Flop
Seat 5: ArlanSilvaBr (button) showed [Kc 9d] and won ($0.85) with a straight, Nine to King
Seat 6: piernen (small blind) mucked [Js 6s]
Seat 8: birgit233 (big blind) folded before Flop
Seat 9: Kondratiy folded before Flop (didn't bet)



PokerStars Hand #232820693376:  Hold'em No Limit ($0.01/$0.02 USD) - 2022/01/04 13:36:49 PT [2022/01/04 16:36:49 ET]
Table 'Xanthippe IV' 9-max Seat #6 is the button
Seat 1: okotokian1 ($2 in chips) 
Seat 2: zibik2 ($2 in chips) 
Seat 3: twitty31 ($3.57 in chips) 
Seat 4: Dorex2007 ($2.73 in chips) 
Seat 5: ArlanSilvaBr ($0.90 in chips) 
Seat 6: piernen ($1.24 in chips) 
Seat 8: birgit233 ($1.98 in chips) 
Seat 9: Kondratiy ($1.40 in chips) 
birgit233: posts small blind $0.01
Kondratiy: posts big blind $0.02
*** HOLE CARDS ***
Dealt to Dorex2007 [6s Ks]
okotokian1: folds 
zibik2: folds 
twitty31: calls $0.02
Dorex2007: folds 
ArlanSilvaBr: folds 
piernen: raises $0.02 to $0.04
birgit233: folds 
Kondratiy: folds 
twitty31: calls $0.02
*** FLOP *** [6d 5d Js]
Ruffy2706 joins the table at seat #7 
twitty31: bets $0.12
piernen: folds 
Uncalled bet ($0.12) returned to twitty31
twitty31 collected $0.11 from pot
*** SUMMARY ***
Total pot $0.11 | Rake $0 
Board [6d 5d Js]
Seat 1: okotokian1 folded before Flop (didn't bet)
Seat 2: zibik2 folded before Flop (didn't bet)
Seat 3: twitty31 collected ($0.11)
Seat 4: Dorex2007 folded before Flop (didn't bet)
Seat 5: ArlanSilvaBr folded before Flop (didn't bet)
Seat 6: piernen (button) folded on the Flop
Seat 8: birgit233 (small blind) folded before Flop
Seat 9: Kondratiy (big blind) folded before Flop



PokerStars Hand #232820716952:  Hold'em No Limit ($0.01/$0.02 USD) - 2022/01/04 13:37:27 PT [2022/01/04 16:37:27 ET]
Table 'Xanthippe IV' 9-max Seat #8 is the button
Seat 1: okotokian1 ($2 in chips) 
Seat 2: zibik2 ($2 in chips) 
Seat 3: twitty31 ($3.64 in chips) 
Seat 4: Dorex2007 ($2.73 in chips) 
Seat 5: ArlanSilvaBr ($0.90 in chips) 
Seat 6: piernen ($1.20 in chips) 
Seat 8: birgit233 ($1.97 in chips) 
Seat 9: Kondratiy ($1.38 in chips) 
Kondratiy: posts small blind $0.01
okotokian1: posts big blind $0.02
Ruffy2706: sits out 
*** HOLE CARDS ***
Dealt to Dorex2007 [4d 4c]
zibik2: raises $0.04 to $0.06
twitty31: folds 
Dorex2007: folds 
ArlanSilvaBr: folds 
piernen: folds 
birgit233: folds 
Kondratiy: folds 
okotokian1: folds 
Uncalled bet ($0.04) returned to zibik2
zibik2 collected $0.05 from pot
*** SUMMARY ***
Total pot $0.05 | Rake $0 
Seat 1: okotokian1 (big blind) folded before Flop
Seat 2: zibik2 collected ($0.05)
Seat 3: twitty31 folded before Flop (didn't bet)
Seat 4: Dorex2007 folded before Flop (didn't bet)
Seat 5: ArlanSilvaBr folded before Flop (didn't bet)
Seat 6: piernen folded before Flop (didn't bet)
Seat 8: birgit233 (button) folded before Flop (didn't bet)
Seat 9: Kondratiy (small blind) folded before Flop



