PokerStars Hand #238627012359:  Hold'em No Limit ($0.02/$0.05 USD) - 2022/09/14 12:12:05 PT [2022/09/14 15:12:05 ET]
Table 'Varsavia' 9-max Seat #2 is the button
Seat 1: Dorex2007 ($5 in chips) 
Seat 2: SzNorbert12 ($5.83 in chips) 
Seat 4: motormower ($4.44 in chips) 
Seat 5: cristoferoo7 ($10.64 in chips) 
Seat 6: koba1998 ($4.70 in chips) 
Seat 7: AssosManiki ($8.10 in chips) 
Seat 8: ChNg_B ($23.18 in chips) 
Seat 9: PokerID-0 ($3.41 in chips) 
motormower: posts small blind $0.02
cristoferoo7: posts big blind $0.05
Dorex2007: posts big blind $0.05
*** HOLE CARDS ***
Dealt to Dorex2007 [9d Qd]
koba1998: raises $0.05 to $0.10
AssosManiki: folds 
ChNg_B: folds 
PokerID-0: folds 
Dorex2007: folds 
SzNorbert12: folds 
motormower: folds 
cristoferoo7: raises $0.20 to $0.30
koba1998: folds 
Uncalled bet ($0.20) returned to cristoferoo7
cristoferoo7 collected $0.27 from pot
*** SUMMARY ***
Total pot $0.27 | Rake $0 
Seat 1: Dorex2007 folded before Flop (didn't bet)
Seat 2: SzNorbert12 (button) folded before Flop (didn't bet)
Seat 4: motormower (small blind) folded before Flop
Seat 5: cristoferoo7 (big blind) collected ($0.27)
Seat 6: koba1998 folded before Flop
Seat 7: AssosManiki folded before Flop (didn't bet)
Seat 8: ChNg_B folded before Flop (didn't bet)
Seat 9: PokerID-0 folded before Flop (didn't bet)



PokerStars Hand #238627021071:  Hold'em No Limit ($0.02/$0.05 USD) - 2022/09/14 12:12:27 PT [2022/09/14 15:12:27 ET]
Table 'Varsavia' 9-max Seat #4 is the button
Seat 1: Dorex2007 ($5 in chips) 
Seat 2: SzNorbert12 ($5.83 in chips) 
Seat 3: Jaguar78917 ($5 in chips) 
Seat 4: motormower ($4.42 in chips) 
Seat 5: cristoferoo7 ($10.81 in chips) 
Seat 6: koba1998 ($4.60 in chips) 
Seat 7: AssosManiki ($8.10 in chips) 
Seat 8: ChNg_B ($23.18 in chips) 
Seat 9: PokerID-0 ($3.41 in chips) 
cristoferoo7: posts small blind $0.02
koba1998: posts big blind $0.05
Jaguar78917: posts big blind $0.05
*** HOLE CARDS ***
Dealt to Dorex2007 [Kc 6d]
AssosManiki: raises $0.08 to $0.13
ChNg_B: calls $0.13
PokerID-0: folds 
Dorex2007: folds 
SzNorbert12: folds 
Jaguar78917: folds 
motormower: folds 
cristoferoo7: folds 
koba1998: folds 
*** FLOP *** [9s 4h 4c]
AssosManiki: checks 
ChNg_B: bets $0.20
AssosManiki: folds 
Uncalled bet ($0.20) returned to ChNg_B
ChNg_B collected $0.36 from pot
*** SUMMARY ***
Total pot $0.38 | Rake $0.02 
Board [9s 4h 4c]
Seat 1: Dorex2007 folded before Flop (didn't bet)
Seat 2: SzNorbert12 folded before Flop (didn't bet)
Seat 3: Jaguar78917 folded before Flop (didn't bet)
Seat 4: motormower (button) folded before Flop (didn't bet)
Seat 5: cristoferoo7 (small blind) folded before Flop
Seat 6: koba1998 (big blind) folded before Flop
Seat 7: AssosManiki folded on the Flop
Seat 8: ChNg_B collected ($0.36)
Seat 9: PokerID-0 folded before Flop (didn't bet)



PokerStars Hand #238627035406:  Hold'em No Limit ($0.02/$0.05 USD) - 2022/09/14 12:13:03 PT [2022/09/14 15:13:03 ET]
Table 'Varsavia' 9-max Seat #5 is the button
Seat 1: Dorex2007 ($5 in chips) 
Seat 2: SzNorbert12 ($5.83 in chips) 
Seat 3: Jaguar78917 ($4.95 in chips) 
Seat 4: motormower ($4.42 in chips) 
Seat 5: cristoferoo7 ($10.79 in chips) 
Seat 6: koba1998 ($4.55 in chips) 
Seat 7: AssosManiki ($7.97 in chips) 
Seat 8: ChNg_B ($23.41 in chips) 
Seat 9: PokerID-0 ($3.41 in chips) 
koba1998: posts small blind $0.02
AssosManiki: posts big blind $0.05
*** HOLE CARDS ***
Dealt to Dorex2007 [3h 7h]
ChNg_B: folds 
PokerID-0: folds 
Dorex2007: folds 
SzNorbert12: folds 
Jaguar78917: folds 
motormower: calls $0.05
cristoferoo7: folds 
koba1998: calls $0.03
AssosManiki: checks 
*** FLOP *** [5s 2s 3c]
koba1998: checks 
AssosManiki: checks 
motormower: checks 
*** TURN *** [5s 2s 3c] [4s]
koba1998: bets $0.07
AssosManiki: folds 
motormower: raises $0.07 to $0.14
koba1998: calls $0.07
*** RIVER *** [5s 2s 3c 4s] [Qd]
koba1998: checks 
motormower: bets $4.23 and is all-in
koba1998: folds 
Uncalled bet ($4.23) returned to motormower
motormower collected $0.41 from pot
motormower: doesn't show hand 
*** SUMMARY ***
Total pot $0.43 | Rake $0.02 
Board [5s 2s 3c 4s Qd]
Seat 1: Dorex2007 folded before Flop (didn't bet)
Seat 2: SzNorbert12 folded before Flop (didn't bet)
Seat 3: Jaguar78917 folded before Flop (didn't bet)
Seat 4: motormower collected ($0.41)
Seat 5: cristoferoo7 (button) folded before Flop (didn't bet)
Seat 6: koba1998 (small blind) folded on the River
Seat 7: AssosManiki (big blind) folded on the Turn
Seat 8: ChNg_B folded before Flop (didn't bet)
Seat 9: PokerID-0 folded before Flop (didn't bet)



PokerStars Hand #238627064297:  Hold'em No Limit ($0.02/$0.05 USD) - 2022/09/14 12:14:16 PT [2022/09/14 15:14:16 ET]
Table 'Varsavia' 9-max Seat #6 is the button
Seat 1: Dorex2007 ($5 in chips) 
Seat 2: SzNorbert12 ($5.83 in chips) 
Seat 3: Jaguar78917 ($4.95 in chips) 
Seat 4: motormower ($4.64 in chips) 
Seat 5: cristoferoo7 ($10.79 in chips) 
Seat 6: koba1998 ($4.36 in chips) 
Seat 7: AssosManiki ($7.92 in chips) 
Seat 8: ChNg_B ($23.41 in chips) 
Seat 9: PokerID-0 ($3.41 in chips) 
AssosManiki: posts small blind $0.02
ChNg_B: posts big blind $0.05
*** HOLE CARDS ***
Dealt to Dorex2007 [5c Qh]
PokerID-0: folds 
Dorex2007: folds 
SzNorbert12: folds 
Jaguar78917: folds 
motormower: folds 
cristoferoo7: raises $0.10 to $0.15
koba1998: folds 
AssosManiki: folds 
ChNg_B: calls $0.10
*** FLOP *** [2c Qc 2s]
ChNg_B: checks 
cristoferoo7: bets $0.20
ChNg_B: calls $0.20
*** TURN *** [2c Qc 2s] [Qd]
ChNg_B: checks 
cristoferoo7: checks 
*** RIVER *** [2c Qc 2s Qd] [3d]
ChNg_B: bets $0.30
cristoferoo7: folds 
Uncalled bet ($0.30) returned to ChNg_B
ChNg_B collected $0.69 from pot
*** SUMMARY ***
Total pot $0.72 | Rake $0.03 
Board [2c Qc 2s Qd 3d]
Seat 1: Dorex2007 folded before Flop (didn't bet)
Seat 2: SzNorbert12 folded before Flop (didn't bet)
Seat 3: Jaguar78917 folded before Flop (didn't bet)
Seat 4: motormower folded before Flop (didn't bet)
Seat 5: cristoferoo7 folded on the River
Seat 6: koba1998 (button) folded before Flop (didn't bet)
Seat 7: AssosManiki (small blind) folded before Flop
Seat 8: ChNg_B (big blind) collected ($0.69)
Seat 9: PokerID-0 folded before Flop (didn't bet)



PokerStars Hand #238627085312:  Hold'em No Limit ($0.02/$0.05 USD) - 2022/09/14 12:15:09 PT [2022/09/14 15:15:09 ET]
Table 'Varsavia' 9-max Seat #7 is the button
Seat 1: Dorex2007 ($5 in chips) 
Seat 2: SzNorbert12 ($5.83 in chips) 
Seat 3: Jaguar78917 ($4.95 in chips) 
Seat 4: motormower ($4.64 in chips) 
Seat 5: cristoferoo7 ($10.44 in chips) 
Seat 6: koba1998 ($4.36 in chips) 
Seat 7: AssosManiki ($7.90 in chips) 
Seat 8: ChNg_B ($23.75 in chips) 
Seat 9: PokerID-0 ($3.41 in chips) 
ChNg_B: posts small blind $0.02
PokerID-0: posts big blind $0.05
*** HOLE CARDS ***
Dealt to Dorex2007 [Kh 8s]
Dorex2007: folds 
SzNorbert12: folds 
Jaguar78917: folds 
motormower: raises $0.05 to $0.10
cristoferoo7: folds 
koba1998: folds 
AssosManiki: calls $0.10
ChNg_B: folds 
PokerID-0: calls $0.05
*** FLOP *** [9c Jd Tc]
PokerID-0: checks 
motormower: bets $0.20
AssosManiki: raises $0.40 to $0.60
PokerID-0: folds 
motormower: calls $0.40
*** TURN *** [9c Jd Tc] [4d]
motormower: checks 
AssosManiki: bets $7.20 and is all-in
motormower: calls $3.94 and is all-in
Uncalled bet ($3.26) returned to AssosManiki
*** RIVER *** [9c Jd Tc 4d] [9d]
*** SHOW DOWN ***
motormower: shows [Ad Td] (a flush, Ace high)
AssosManiki: shows [Qc Kd] (a straight, Nine to King)
motormower collected $9.01 from pot
AssosManiki cashed out the hand for $7.30 | Cash Out Fee $0.07
*** SUMMARY ***
Total pot $9.40 | Rake $0.39 
Board [9c Jd Tc 4d 9d]
Seat 1: Dorex2007 folded before Flop (didn't bet)
Seat 2: SzNorbert12 folded before Flop (didn't bet)
Seat 3: Jaguar78917 folded before Flop (didn't bet)
Seat 4: motormower showed [Ad Td] and won ($9.01) with a flush, Ace high
Seat 5: cristoferoo7 folded before Flop (didn't bet)
Seat 6: koba1998 folded before Flop (didn't bet)
Seat 7: AssosManiki (button) showed [Qc Kd] and lost with a straight, Nine to King (cashed out).
Seat 8: ChNg_B (small blind) folded before Flop
Seat 9: PokerID-0 (big blind) folded on the Flop



PokerStars Hand #238627112436:  Hold'em No Limit ($0.02/$0.05 USD) - 2022/09/14 12:16:17 PT [2022/09/14 15:16:17 ET]
Table 'Varsavia' 9-max Seat #8 is the button
Seat 1: Dorex2007 ($5 in chips) 
Seat 2: SzNorbert12 ($5.83 in chips) 
Seat 3: Jaguar78917 ($4.95 in chips) 
Seat 4: motormower ($9.01 in chips) 
Seat 5: cristoferoo7 ($10.44 in chips) 
Seat 6: koba1998 ($4.36 in chips) 
Seat 7: AssosManiki ($10.56 in chips) 
Seat 8: ChNg_B ($23.73 in chips) 
Seat 9: PokerID-0 ($3.31 in chips) 
PokerID-0: posts small blind $0.02
Dorex2007: posts big blind $0.05
*** HOLE CARDS ***
Dealt to Dorex2007 [5h 2h]
SzNorbert12: folds 
Jaguar78917: folds 
motormower: folds 
cristoferoo7: folds 
koba1998: raises $0.05 to $0.10
AssosManiki: folds 
ChNg_B: folds 
PokerID-0: calls $0.08
Dorex2007: folds 
*** FLOP *** [6d Kc 9s]
PokerID-0: checks 
koba1998: bets $0.24
PokerID-0: folds 
Uncalled bet ($0.24) returned to koba1998
koba1998 collected $0.24 from pot
*** SUMMARY ***
Total pot $0.25 | Rake $0.01 
Board [6d Kc 9s]
Seat 1: Dorex2007 (big blind) folded before Flop
Seat 2: SzNorbert12 folded before Flop (didn't bet)
Seat 3: Jaguar78917 folded before Flop (didn't bet)
Seat 4: motormower folded before Flop (didn't bet)
Seat 5: cristoferoo7 folded before Flop (didn't bet)
Seat 6: koba1998 collected ($0.24)
Seat 7: AssosManiki folded before Flop (didn't bet)
Seat 8: ChNg_B (button) folded before Flop (didn't bet)
Seat 9: PokerID-0 (small blind) folded on the Flop



PokerStars Hand #238627124037:  Hold'em No Limit ($0.02/$0.05 USD) - 2022/09/14 12:16:46 PT [2022/09/14 15:16:46 ET]
Table 'Varsavia' 9-max Seat #9 is the button
Seat 1: Dorex2007 ($5 in chips) 
Seat 2: SzNorbert12 ($5.83 in chips) 
Seat 3: Jaguar78917 ($4.95 in chips) 
Seat 4: motormower ($9.01 in chips) 
Seat 5: cristoferoo7 ($10.44 in chips) 
Seat 6: koba1998 ($4.50 in chips) 
Seat 7: AssosManiki ($10.56 in chips) 
Seat 8: ChNg_B ($23.73 in chips) 
Seat 9: PokerID-0 ($3.21 in chips) 
Dorex2007: posts small blind $0.02
SzNorbert12: posts big blind $0.05
*** HOLE CARDS ***
Dealt to Dorex2007 [3c Ad]
Jaguar78917: folds 
motormower: folds 
cristoferoo7: folds 
koba1998: folds 
AssosManiki: folds 
ChNg_B: folds 
PokerID-0: folds 
Dorex2007: folds 
Uncalled bet ($0.03) returned to SzNorbert12
SzNorbert12 collected $0.04 from pot
SzNorbert12: doesn't show hand 
*** SUMMARY ***
Total pot $0.04 | Rake $0 
Seat 1: Dorex2007 (small blind) folded before Flop
Seat 2: SzNorbert12 (big blind) collected ($0.04)
Seat 3: Jaguar78917 folded before Flop (didn't bet)
Seat 4: motormower folded before Flop (didn't bet)
Seat 5: cristoferoo7 folded before Flop (didn't bet)
Seat 6: koba1998 folded before Flop (didn't bet)
Seat 7: AssosManiki folded before Flop (didn't bet)
Seat 8: ChNg_B folded before Flop (didn't bet)
Seat 9: PokerID-0 (button) folded before Flop (didn't bet)



PokerStars Hand #238627129654:  Hold'em No Limit ($0.02/$0.05 USD) - 2022/09/14 12:17:00 PT [2022/09/14 15:17:00 ET]
Table 'Varsavia' 9-max Seat #1 is the button
Seat 1: Dorex2007 ($5 in chips) 
Seat 2: SzNorbert12 ($5.85 in chips) 
Seat 3: Jaguar78917 ($4.95 in chips) 
Seat 4: motormower ($9.01 in chips) 
Seat 5: cristoferoo7 ($10.44 in chips) 
Seat 6: koba1998 ($4.50 in chips) 
Seat 7: AssosManiki ($10.56 in chips) 
Seat 8: ChNg_B ($23.73 in chips) 
Seat 9: PokerID-0 ($3.21 in chips) 
SzNorbert12: posts small blind $0.02
Jaguar78917: posts big blind $0.05
*** HOLE CARDS ***
Dealt to Dorex2007 [7c Qc]
motormower: folds 
cristoferoo7: folds 
koba1998: folds 
AssosManiki: folds 
ChNg_B: folds 
PokerID-0: raises $0.30 to $0.35
Dorex2007: folds 
SzNorbert12: folds 
Jaguar78917: folds 
Uncalled bet ($0.30) returned to PokerID-0
PokerID-0 collected $0.12 from pot
PokerID-0: doesn't show hand 
*** SUMMARY ***
Total pot $0.12 | Rake $0 
Seat 1: Dorex2007 (button) folded before Flop (didn't bet)
Seat 2: SzNorbert12 (small blind) folded before Flop
Seat 3: Jaguar78917 (big blind) folded before Flop
Seat 4: motormower folded before Flop (didn't bet)
Seat 5: cristoferoo7 folded before Flop (didn't bet)
Seat 6: koba1998 folded before Flop (didn't bet)
Seat 7: AssosManiki folded before Flop (didn't bet)
Seat 8: ChNg_B folded before Flop (didn't bet)
Seat 9: PokerID-0 collected ($0.12)



PokerStars Hand #238627142151:  Hold'em No Limit ($0.02/$0.05 USD) - 2022/09/14 12:17:31 PT [2022/09/14 15:17:31 ET]
Table 'Varsavia' 9-max Seat #2 is the button
Seat 1: Dorex2007 ($5 in chips) 
Seat 2: SzNorbert12 ($5.83 in chips) 
Seat 3: Jaguar78917 ($4.90 in chips) 
Seat 4: motormower ($9.01 in chips) 
Seat 5: cristoferoo7 ($10.44 in chips) 
Seat 6: koba1998 ($4.50 in chips) 
Seat 7: AssosManiki ($10.56 in chips) 
Seat 8: ChNg_B ($23.73 in chips) 
Seat 9: PokerID-0 ($3.28 in chips) 
Jaguar78917: posts small blind $0.02
motormower: posts big blind $0.05
*** HOLE CARDS ***
Dealt to Dorex2007 [Jc 7c]
cristoferoo7: folds 
koba1998: raises $0.05 to $0.10
AssosManiki: folds 
ChNg_B: folds 
PokerID-0: raises $0.27 to $0.37
Dorex2007: folds 
SzNorbert12: folds 
Jaguar78917: folds 
motormower: folds 
koba1998: calls $0.27
*** FLOP *** [Ts 5h Jh]
koba1998: checks 
PokerID-0: bets $0.78
koba1998: calls $0.78
*** TURN *** [Ts 5h Jh] [6d]
koba1998: checks 
PokerID-0: bets $2.13 and is all-in
koba1998: calls $2.13
PokerID-0 has timed out
*** RIVER *** [Ts 5h Jh 6d] [4h]
*** SHOW DOWN ***
koba1998: shows [9h Ah] (a flush, Ace high)
PokerID-0: shows [Ks Kc] (a pair of Kings)
koba1998 collected $6.35 from pot
*** SUMMARY ***
Total pot $6.63 | Rake $0.28 
Board [Ts 5h Jh 6d 4h]
Seat 1: Dorex2007 folded before Flop (didn't bet)
Seat 2: SzNorbert12 (button) folded before Flop (didn't bet)
Seat 3: Jaguar78917 (small blind) folded before Flop
Seat 4: motormower (big blind) folded before Flop
Seat 5: cristoferoo7 folded before Flop (didn't bet)
Seat 6: koba1998 showed [9h Ah] and won ($6.35) with a flush, Ace high
Seat 7: AssosManiki folded before Flop (didn't bet)
Seat 8: ChNg_B folded before Flop (didn't bet)
Seat 9: PokerID-0 showed [Ks Kc] and lost with a pair of Kings



PokerStars Hand #238627168053:  Hold'em No Limit ($0.02/$0.05 USD) - 2022/09/14 12:18:36 PT [2022/09/14 15:18:36 ET]
Table 'Varsavia' 9-max Seat #3 is the button
Seat 1: Dorex2007 ($5 in chips) 
Seat 2: SzNorbert12 ($5.83 in chips) 
Seat 3: Jaguar78917 ($4.88 in chips) 
Seat 4: motormower ($8.96 in chips) 
Seat 5: cristoferoo7 ($10.44 in chips) 
Seat 6: koba1998 ($7.57 in chips) 
Seat 7: AssosManiki ($10.56 in chips) 
Seat 8: ChNg_B ($23.73 in chips) 
motormower: posts small blind $0.02
cristoferoo7: posts big blind $0.05
*** HOLE CARDS ***
Dealt to Dorex2007 [Jc 8c]
koba1998: folds 
AssosManiki: folds 
ChNg_B: raises $0.07 to $0.12
Dorex2007: folds 
SzNorbert12: folds 
Jaguar78917: folds 
motormower: calls $0.10
cristoferoo7: calls $0.07
*** FLOP *** [4h 7s Qc]
motormower: bets $0.15
cristoferoo7: calls $0.15
ChNg_B: folds 
*** TURN *** [4h 7s Qc] [Ks]
PokerID-0 leaves the table
linoaspoker joins the table at seat #9 
motormower: bets $0.25
cristoferoo7: calls $0.25
*** RIVER *** [4h 7s Qc Ks] [9d]
motormower: checks 
cristoferoo7: checks 
*** SHOW DOWN ***
motormower: shows [Js Qs] (a pair of Queens)
cristoferoo7: shows [Qd As] (a pair of Queens - Ace kicker)
cristoferoo7 collected $1.11 from pot
*** SUMMARY ***
Total pot $1.16 | Rake $0.05 
Board [4h 7s Qc Ks 9d]
Seat 1: Dorex2007 folded before Flop (didn't bet)
Seat 2: SzNorbert12 folded before Flop (didn't bet)
Seat 3: Jaguar78917 (button) folded before Flop (didn't bet)
Seat 4: motormower (small blind) showed [Js Qs] and lost with a pair of Queens
Seat 5: cristoferoo7 (big blind) showed [Qd As] and won ($1.11) with a pair of Queens
Seat 6: koba1998 folded before Flop (didn't bet)
Seat 7: AssosManiki folded before Flop (didn't bet)
Seat 8: ChNg_B folded on the Flop



PokerStars Hand #238627192847:  Hold'em No Limit ($0.02/$0.05 USD) - 2022/09/14 12:19:38 PT [2022/09/14 15:19:38 ET]
Table 'Varsavia' 9-max Seat #4 is the button
Seat 1: Dorex2007 ($5 in chips) 
Seat 2: SzNorbert12 ($5.83 in chips) 
Seat 3: Jaguar78917 ($4.88 in chips) 
Seat 4: motormower ($8.44 in chips) 
Seat 5: cristoferoo7 ($11.03 in chips) 
Seat 6: koba1998 ($7.57 in chips) 
Seat 7: AssosManiki ($10.56 in chips) 
Seat 8: ChNg_B ($23.61 in chips) 
cristoferoo7: posts small blind $0.02
koba1998: posts big blind $0.05
linoaspoker has timed out
linoaspoker: is sitting out 
*** HOLE CARDS ***
Dealt to Dorex2007 [Ks 9s]
AssosManiki: raises $0.08 to $0.13
ChNg_B: folds 
Dorex2007: calls $0.13
SzNorbert12: folds 
Jaguar78917: folds 
motormower: calls $0.13
cristoferoo7: folds 
koba1998: calls $0.08
*** FLOP *** [Ah Jh Tc]
koba1998: bets $0.05
AssosManiki: raises $0.24 to $0.29
Dorex2007: folds 
motormower: calls $0.29
koba1998: calls $0.24
*** TURN *** [Ah Jh Tc] [2c]
koba1998: checks 
AssosManiki: bets $0.59
motormower: folds 
koba1998: folds 
Uncalled bet ($0.59) returned to AssosManiki
AssosManiki collected $1.35 from pot
AssosManiki: doesn't show hand 
*** SUMMARY ***
Total pot $1.41 | Rake $0.06 
Board [Ah Jh Tc 2c]
Seat 1: Dorex2007 folded on the Flop
Seat 2: SzNorbert12 folded before Flop (didn't bet)
Seat 3: Jaguar78917 folded before Flop (didn't bet)
Seat 4: motormower (button) folded on the Turn
Seat 5: cristoferoo7 (small blind) folded before Flop
Seat 6: koba1998 (big blind) folded on the Turn
Seat 7: AssosManiki collected ($1.35)
Seat 8: ChNg_B folded before Flop (didn't bet)



PokerStars Hand #238627225839:  Hold'em No Limit ($0.02/$0.05 USD) - 2022/09/14 12:21:01 PT [2022/09/14 15:21:01 ET]
Table 'Varsavia' 9-max Seat #5 is the button
Seat 1: Dorex2007 ($5 in chips) 
Seat 2: SzNorbert12 ($5.83 in chips) 
Seat 3: Jaguar78917 ($4.88 in chips) 
Seat 4: motormower ($8.02 in chips) 
Seat 5: cristoferoo7 ($11.01 in chips) 
Seat 6: koba1998 ($7.15 in chips) 
Seat 7: AssosManiki ($11.49 in chips) 
Seat 8: ChNg_B ($23.61 in chips) 
koba1998: posts small blind $0.02
AssosManiki: posts big blind $0.05
linoaspoker: sits out 
*** HOLE CARDS ***
Dealt to Dorex2007 [Ad 5h]
ChNg_B: folds 
Dorex2007: folds 
SzNorbert12: folds 
Jaguar78917: folds 
motormower: calls $0.05
cristoferoo7: calls $0.05
koba1998: folds 
AssosManiki: checks 
*** FLOP *** [Ac 3c Td]
AssosManiki: checks 
motormower: checks 
cristoferoo7: checks 
*** TURN *** [Ac 3c Td] [As]
AssosManiki: checks 
motormower: checks 
cristoferoo7: checks 
*** RIVER *** [Ac 3c Td As] [2s]
AssosManiki: checks 
motormower: checks 
cristoferoo7: checks 
*** SHOW DOWN ***
AssosManiki: shows [7h 4c] (a pair of Aces)
motormower: shows [Ks 8c] (a pair of Aces - King kicker)
cristoferoo7: mucks hand 
motormower collected $0.16 from pot
*** SUMMARY ***
Total pot $0.17 | Rake $0.01 
Board [Ac 3c Td As 2s]
Seat 1: Dorex2007 folded before Flop (didn't bet)
Seat 2: SzNorbert12 folded before Flop (didn't bet)
Seat 3: Jaguar78917 folded before Flop (didn't bet)
Seat 4: motormower showed [Ks 8c] and won ($0.16) with a pair of Aces
Seat 5: cristoferoo7 (button) mucked [Js 8s]
Seat 6: koba1998 (small blind) folded before Flop
Seat 7: AssosManiki (big blind) showed [7h 4c] and lost with a pair of Aces
Seat 8: ChNg_B folded before Flop (didn't bet)



PokerStars Hand #238627257683:  Hold'em No Limit ($0.02/$0.05 USD) - 2022/09/14 12:22:21 PT [2022/09/14 15:22:21 ET]
Table 'Varsavia' 9-max Seat #6 is the button
Seat 1: Dorex2007 ($5 in chips) 
Seat 2: SzNorbert12 ($5.83 in chips) 
Seat 3: Jaguar78917 ($4.88 in chips) 
Seat 4: motormower ($8.13 in chips) 
Seat 5: cristoferoo7 ($10.96 in chips) 
Seat 6: koba1998 ($7.13 in chips) 
Seat 7: AssosManiki ($11.44 in chips) 
Seat 8: ChNg_B ($23.61 in chips) 
AssosManiki: posts small blind $0.02
ChNg_B: posts big blind $0.05
linoaspoker: sits out 
*** HOLE CARDS ***
Dealt to Dorex2007 [4d 8d]
Dorex2007: folds 
SzNorbert12: folds 
Jaguar78917: folds 
motormower: folds 
cristoferoo7: raises $0.10 to $0.15
koba1998: calls $0.15
AssosManiki: folds 
ChNg_B: folds 
*** FLOP *** [3d 2h Qs]
cristoferoo7: bets $0.22
koba1998: calls $0.22
*** TURN *** [3d 2h Qs] [Qh]
cristoferoo7: bets $0.39
koba1998: folds 
Uncalled bet ($0.39) returned to cristoferoo7
cristoferoo7 collected $0.78 from pot
*** SUMMARY ***
Total pot $0.81 | Rake $0.03 
Board [3d 2h Qs Qh]
Seat 1: Dorex2007 folded before Flop (didn't bet)
Seat 2: SzNorbert12 folded before Flop (didn't bet)
Seat 3: Jaguar78917 folded before Flop (didn't bet)
Seat 4: motormower folded before Flop (didn't bet)
Seat 5: cristoferoo7 collected ($0.78)
Seat 6: koba1998 (button) folded on the Turn
Seat 7: AssosManiki (small blind) folded before Flop
Seat 8: ChNg_B (big blind) folded before Flop



PokerStars Hand #238627281041:  Hold'em No Limit ($0.02/$0.05 USD) - 2022/09/14 12:23:20 PT [2022/09/14 15:23:20 ET]
Table 'Varsavia' 9-max Seat #7 is the button
Seat 1: Dorex2007 ($5 in chips) 
Seat 2: SzNorbert12 ($5.83 in chips) 
Seat 3: Jaguar78917 ($4.88 in chips) 
Seat 4: motormower ($8.13 in chips) 
Seat 5: cristoferoo7 ($11.37 in chips) 
Seat 6: koba1998 ($6.76 in chips) 
Seat 7: AssosManiki ($11.42 in chips) 
Seat 8: ChNg_B ($23.56 in chips) 
Seat 9: linoaspoker ($5 in chips) 
ChNg_B: posts small blind $0.02
linoaspoker: posts big blind $0.05
*** HOLE CARDS ***
Dealt to Dorex2007 [Ts 6s]
Dorex2007: folds 
SzNorbert12: folds 
Jaguar78917: folds 
motormower: folds 
cristoferoo7: folds 
koba1998: raises $0.05 to $0.10
AssosManiki: folds 
ChNg_B: folds 
linoaspoker: calls $0.05
*** FLOP *** [Jc 8h 3s]
linoaspoker: checks 
koba1998: bets $0.10
linoaspoker: folds 
Uncalled bet ($0.10) returned to koba1998
koba1998 collected $0.21 from pot
*** SUMMARY ***
Total pot $0.22 | Rake $0.01 
Board [Jc 8h 3s]
Seat 1: Dorex2007 folded before Flop (didn't bet)
Seat 2: SzNorbert12 folded before Flop (didn't bet)
Seat 3: Jaguar78917 folded before Flop (didn't bet)
Seat 4: motormower folded before Flop (didn't bet)
Seat 5: cristoferoo7 folded before Flop (didn't bet)
Seat 6: koba1998 collected ($0.21)
Seat 7: AssosManiki (button) folded before Flop (didn't bet)
Seat 8: ChNg_B (small blind) folded before Flop
Seat 9: linoaspoker (big blind) folded on the Flop



PokerStars Hand #238627295439:  Hold'em No Limit ($0.02/$0.05 USD) - 2022/09/14 12:23:56 PT [2022/09/14 15:23:56 ET]
Table 'Varsavia' 9-max Seat #8 is the button
Seat 1: Dorex2007 ($5 in chips) 
Seat 2: SzNorbert12 ($5.83 in chips) 
Seat 3: Jaguar78917 ($4.88 in chips) 
Seat 4: motormower ($8.13 in chips) 
Seat 5: cristoferoo7 ($11.37 in chips) 
Seat 6: koba1998 ($6.87 in chips) 
Seat 7: AssosManiki ($11.42 in chips) 
Seat 8: ChNg_B ($23.54 in chips) 
Seat 9: linoaspoker ($4.90 in chips) 
linoaspoker: posts small blind $0.02
Dorex2007: posts big blind $0.05
*** HOLE CARDS ***
Dealt to Dorex2007 [Qd 2c]
SzNorbert12: folds 
Jaguar78917: folds 
motormower: folds 
cristoferoo7: folds 
koba1998: calls $0.05
AssosManiki: folds 
ChNg_B: folds 
linoaspoker: folds 
Dorex2007: checks 
*** FLOP *** [Ad Ts Ac]
Dorex2007: checks 
koba1998: bets $0.06
Dorex2007: folds 
Uncalled bet ($0.06) returned to koba1998
koba1998 collected $0.12 from pot
*** SUMMARY ***
Total pot $0.12 | Rake $0 
Board [Ad Ts Ac]
Seat 1: Dorex2007 (big blind) folded on the Flop
Seat 2: SzNorbert12 folded before Flop (didn't bet)
Seat 3: Jaguar78917 folded before Flop (didn't bet)
Seat 4: motormower folded before Flop (didn't bet)
Seat 5: cristoferoo7 folded before Flop (didn't bet)
Seat 6: koba1998 collected ($0.12)
Seat 7: AssosManiki folded before Flop (didn't bet)
Seat 8: ChNg_B (button) folded before Flop (didn't bet)
Seat 9: linoaspoker (small blind) folded before Flop



PokerStars Hand #238627310088:  Hold'em No Limit ($0.02/$0.05 USD) - 2022/09/14 12:24:33 PT [2022/09/14 15:24:33 ET]
Table 'Varsavia' 9-max Seat #9 is the button
Seat 1: Dorex2007 ($5 in chips) 
Seat 2: SzNorbert12 ($5.83 in chips) 
Seat 3: Jaguar78917 ($4.88 in chips) 
Seat 4: motormower ($8.13 in chips) 
Seat 5: cristoferoo7 ($11.37 in chips) 
Seat 6: koba1998 ($6.94 in chips) 
Seat 7: AssosManiki ($11.42 in chips) 
Seat 8: ChNg_B ($23.54 in chips) 
Seat 9: linoaspoker ($4.88 in chips) 
Dorex2007: posts small blind $0.02
SzNorbert12: posts big blind $0.05
*** HOLE CARDS ***
Dealt to Dorex2007 [8d Qs]
Jaguar78917: folds 
motormower: folds 
cristoferoo7: folds 
koba1998: folds 
AssosManiki: folds 
ChNg_B: raises $0.07 to $0.12
linoaspoker: raises $0.31 to $0.43
Dorex2007: folds 
SzNorbert12: folds 
ChNg_B: folds 
Uncalled bet ($0.31) returned to linoaspoker
linoaspoker collected $0.31 from pot
*** SUMMARY ***
Total pot $0.31 | Rake $0 
Seat 1: Dorex2007 (small blind) folded before Flop
Seat 2: SzNorbert12 (big blind) folded before Flop
Seat 3: Jaguar78917 folded before Flop (didn't bet)
Seat 4: motormower folded before Flop (didn't bet)
Seat 5: cristoferoo7 folded before Flop (didn't bet)
Seat 6: koba1998 folded before Flop (didn't bet)
Seat 7: AssosManiki folded before Flop (didn't bet)
Seat 8: ChNg_B folded before Flop
Seat 9: linoaspoker (button) collected ($0.31)



PokerStars Hand #238627319970:  Hold'em No Limit ($0.02/$0.05 USD) - 2022/09/14 12:24:58 PT [2022/09/14 15:24:58 ET]
Table 'Varsavia' 9-max Seat #1 is the button
Seat 1: Dorex2007 ($5 in chips) 
Seat 2: SzNorbert12 ($5.78 in chips) 
Seat 3: Jaguar78917 ($4.88 in chips) 
Seat 4: motormower ($8.13 in chips) 
Seat 5: cristoferoo7 ($11.37 in chips) 
Seat 6: koba1998 ($6.94 in chips) 
Seat 7: AssosManiki ($11.42 in chips) 
Seat 8: ChNg_B ($23.42 in chips) 
Seat 9: linoaspoker ($5.07 in chips) 
SzNorbert12: posts small blind $0.02
Jaguar78917: posts big blind $0.05
*** HOLE CARDS ***
Dealt to Dorex2007 [Td As]
motormower: raises $0.05 to $0.10
cristoferoo7: calls $0.10
koba1998: folds 
AssosManiki: folds 
ChNg_B: folds 
linoaspoker: folds 
Dorex2007: folds 
SzNorbert12: folds 
Jaguar78917: folds 
*** FLOP *** [4c Kc 6d]
motormower: bets $0.05
cristoferoo7: calls $0.05
*** TURN *** [4c Kc 6d] [Kd]
motormower: bets $0.10
cristoferoo7: calls $0.10
*** RIVER *** [4c Kc 6d Kd] [Js]
motormower: bets $0.35
cristoferoo7: folds 
Uncalled bet ($0.35) returned to motormower
motormower collected $0.55 from pot
motormower: doesn't show hand 
*** SUMMARY ***
Total pot $0.57 | Rake $0.02 
Board [4c Kc 6d Kd Js]
Seat 1: Dorex2007 (button) folded before Flop (didn't bet)
Seat 2: SzNorbert12 (small blind) folded before Flop
Seat 3: Jaguar78917 (big blind) folded before Flop
Seat 4: motormower collected ($0.55)
Seat 5: cristoferoo7 folded on the River
Seat 6: koba1998 folded before Flop (didn't bet)
Seat 7: AssosManiki folded before Flop (didn't bet)
Seat 8: ChNg_B folded before Flop (didn't bet)
Seat 9: linoaspoker folded before Flop (didn't bet)



PokerStars Hand #238627343597:  Hold'em No Limit ($0.02/$0.05 USD) - 2022/09/14 12:25:57 PT [2022/09/14 15:25:57 ET]
Table 'Varsavia' 9-max Seat #2 is the button
Seat 1: Dorex2007 ($5 in chips) 
Seat 2: SzNorbert12 ($5.76 in chips) 
Seat 3: Jaguar78917 ($4.83 in chips) 
Seat 4: motormower ($8.43 in chips) 
Seat 5: cristoferoo7 ($11.12 in chips) 
Seat 6: koba1998 ($6.94 in chips) 
Seat 7: AssosManiki ($11.42 in chips) 
Seat 8: ChNg_B ($23.42 in chips) 
Seat 9: linoaspoker ($5.07 in chips) 
Jaguar78917: posts small blind $0.02
motormower: posts big blind $0.05
*** HOLE CARDS ***
Dealt to Dorex2007 [9h 7c]
cristoferoo7: folds 
koba1998: raises $0.05 to $0.10
AssosManiki: folds 
ChNg_B: folds 
linoaspoker: folds 
Dorex2007: folds 
SzNorbert12: folds 
Jaguar78917: folds 
motormower: calls $0.05
*** FLOP *** [Qd 3d Js]
motormower: bets $0.05
koba1998: raises $0.05 to $0.10
motormower: calls $0.05
*** TURN *** [Qd 3d Js] [Ah]
motormower: checks 
koba1998: checks 
*** RIVER *** [Qd 3d Js Ah] [Kc]
motormower: checks 
koba1998: bets $0.20
motormower: folds 
Uncalled bet ($0.20) returned to koba1998
koba1998 collected $0.40 from pot
*** SUMMARY ***
Total pot $0.42 | Rake $0.02 
Board [Qd 3d Js Ah Kc]
Seat 1: Dorex2007 folded before Flop (didn't bet)
Seat 2: SzNorbert12 (button) folded before Flop (didn't bet)
Seat 3: Jaguar78917 (small blind) folded before Flop
Seat 4: motormower (big blind) folded on the River
Seat 5: cristoferoo7 folded before Flop (didn't bet)
Seat 6: koba1998 collected ($0.40)
Seat 7: AssosManiki folded before Flop (didn't bet)
Seat 8: ChNg_B folded before Flop (didn't bet)
Seat 9: linoaspoker folded before Flop (didn't bet)



PokerStars Hand #238627369648:  Hold'em No Limit ($0.02/$0.05 USD) - 2022/09/14 12:27:02 PT [2022/09/14 15:27:02 ET]
Table 'Varsavia' 9-max Seat #3 is the button
Seat 1: Dorex2007 ($5 in chips) 
Seat 2: SzNorbert12 ($5.76 in chips) 
Seat 3: Jaguar78917 ($4.81 in chips) 
Seat 4: motormower ($8.23 in chips) 
Seat 5: cristoferoo7 ($11.12 in chips) 
Seat 6: koba1998 ($7.14 in chips) 
Seat 7: AssosManiki ($11.42 in chips) 
Seat 8: ChNg_B ($23.42 in chips) 
Seat 9: linoaspoker ($5.07 in chips) 
motormower: posts small blind $0.02
cristoferoo7: posts big blind $0.05
*** HOLE CARDS ***
Dealt to Dorex2007 [Td 5s]
koba1998: folds 
AssosManiki: folds 
ChNg_B: folds 
linoaspoker: calls $0.05
Dorex2007: folds 
SzNorbert12: folds 
Jaguar78917: folds 
motormower: calls $0.03
cristoferoo7: raises $0.20 to $0.25
linoaspoker: folds 
motormower: folds 
Uncalled bet ($0.20) returned to cristoferoo7
cristoferoo7 collected $0.15 from pot
*** SUMMARY ***
Total pot $0.15 | Rake $0 
Seat 1: Dorex2007 folded before Flop (didn't bet)
Seat 2: SzNorbert12 folded before Flop (didn't bet)
Seat 3: Jaguar78917 (button) folded before Flop (didn't bet)
Seat 4: motormower (small blind) folded before Flop
Seat 5: cristoferoo7 (big blind) collected ($0.15)
Seat 6: koba1998 folded before Flop (didn't bet)
Seat 7: AssosManiki folded before Flop (didn't bet)
Seat 8: ChNg_B folded before Flop (didn't bet)
Seat 9: linoaspoker folded before Flop



PokerStars Hand #238627380707:  Hold'em No Limit ($0.02/$0.05 USD) - 2022/09/14 12:27:30 PT [2022/09/14 15:27:30 ET]
Table 'Varsavia' 9-max Seat #4 is the button
Seat 1: Dorex2007 ($5 in chips) 
Seat 2: SzNorbert12 ($5.76 in chips) 
Seat 3: Jaguar78917 ($4.81 in chips) 
Seat 4: motormower ($8.18 in chips) 
Seat 5: cristoferoo7 ($11.22 in chips) 
Seat 6: koba1998 ($7.14 in chips) 
Seat 7: AssosManiki ($11.42 in chips) 
Seat 8: ChNg_B ($23.42 in chips) 
Seat 9: linoaspoker ($5.02 in chips) 
cristoferoo7: posts small blind $0.02
koba1998: posts big blind $0.05
*** HOLE CARDS ***
Dealt to Dorex2007 [Kd Ad]
AssosManiki: folds 
ChNg_B: folds 
linoaspoker: calls $0.05
Dorex2007: raises $0.17 to $0.22
SzNorbert12: folds 
Jaguar78917: folds 
motormower: folds 
cristoferoo7: folds 
koba1998: folds 
linoaspoker: calls $0.17
*** FLOP *** [Ks 7s 5s]
linoaspoker: checks 
Dorex2007: bets $0.49
linoaspoker: raises $0.74 to $1.23
Dorex2007: calls $0.74
*** TURN *** [Ks 7s 5s] [8h]
linoaspoker: bets $3.57 and is all-in
Dorex2007: calls $3.55 and is all-in
Uncalled bet ($0.02) returned to linoaspoker
*** RIVER *** [Ks 7s 5s 8h] [8s]
*** SHOW DOWN ***
linoaspoker: shows [7h 7d] (a full house, Sevens full of Eights)
Dorex2007: shows [Kd Ad] (two pair, Kings and Eights)
linoaspoker collected $9.65 from pot
*** SUMMARY ***
Total pot $10.07 | Rake $0.42 
Board [Ks 7s 5s 8h 8s]
Seat 1: Dorex2007 showed [Kd Ad] and lost with two pair, Kings and Eights
Seat 2: SzNorbert12 folded before Flop (didn't bet)
Seat 3: Jaguar78917 folded before Flop (didn't bet)
Seat 4: motormower (button) folded before Flop (didn't bet)
Seat 5: cristoferoo7 (small blind) folded before Flop
Seat 6: koba1998 (big blind) folded before Flop
Seat 7: AssosManiki folded before Flop (didn't bet)
Seat 8: ChNg_B folded before Flop (didn't bet)
Seat 9: linoaspoker showed [7h 7d] and won ($9.65) with a full house, Sevens full of Eights



PokerStars Hand #238627398128:  Hold'em No Limit ($0.02/$0.05 USD) - 2022/09/14 12:28:14 PT [2022/09/14 15:28:14 ET]
Table 'Varsavia' 9-max Seat #5 is the button
Seat 1: Dorex2007 ($5 in chips) 
Seat 2: SzNorbert12 ($5.76 in chips) 
Seat 3: Jaguar78917 ($4.81 in chips) 
Seat 4: motormower ($8.18 in chips) 
Seat 5: cristoferoo7 ($11.20 in chips) 
Seat 6: koba1998 ($7.09 in chips) 
Seat 7: AssosManiki ($11.42 in chips) 
Seat 8: ChNg_B ($23.42 in chips) 
Seat 9: linoaspoker ($9.67 in chips) 
koba1998: posts small blind $0.02
AssosManiki: posts big blind $0.05
*** HOLE CARDS ***
Dealt to Dorex2007 [2s 3s]
ChNg_B: folds 
linoaspoker: folds 
Dorex2007: folds 
SzNorbert12: folds 
Jaguar78917: folds 
motormower: calls $0.05
cristoferoo7: folds 
koba1998: calls $0.03
AssosManiki: raises $0.15 to $0.20
motormower: calls $0.15
koba1998: calls $0.15
*** FLOP *** [4h Ad 5d]
koba1998: checks 
AssosManiki: bets $0.38
motormower: folds 
koba1998: folds 
Uncalled bet ($0.38) returned to AssosManiki
AssosManiki collected $0.58 from pot
AssosManiki: doesn't show hand 
*** SUMMARY ***
Total pot $0.60 | Rake $0.02 
Board [4h Ad 5d]
Seat 1: Dorex2007 folded before Flop (didn't bet)
Seat 2: SzNorbert12 folded before Flop (didn't bet)
Seat 3: Jaguar78917 folded before Flop (didn't bet)
Seat 4: motormower folded on the Flop
Seat 5: cristoferoo7 (button) folded before Flop (didn't bet)
Seat 6: koba1998 (small blind) folded on the Flop
Seat 7: AssosManiki (big blind) collected ($0.58)
Seat 8: ChNg_B folded before Flop (didn't bet)
Seat 9: linoaspoker folded before Flop (didn't bet)



PokerStars Hand #238627415669:  Hold'em No Limit ($0.02/$0.05 USD) - 2022/09/14 12:28:58 PT [2022/09/14 15:28:58 ET]
Table 'Varsavia' 9-max Seat #6 is the button
Seat 1: Dorex2007 ($5 in chips) 
Seat 2: SzNorbert12 ($5.76 in chips) 
Seat 3: Jaguar78917 ($4.81 in chips) 
Seat 4: motormower ($7.98 in chips) 
Seat 5: cristoferoo7 ($11.20 in chips) 
Seat 6: koba1998 ($6.89 in chips) 
Seat 7: AssosManiki ($11.80 in chips) 
Seat 8: ChNg_B ($23.42 in chips) 
Seat 9: linoaspoker ($9.67 in chips) 
AssosManiki: posts small blind $0.02
ChNg_B: posts big blind $0.05
*** HOLE CARDS ***
Dealt to Dorex2007 [2c Ad]
linoaspoker: folds 
Dorex2007: folds 
SzNorbert12: folds 
Jaguar78917: folds 
motormower: calls $0.05
cristoferoo7: folds 
koba1998: folds 
AssosManiki: folds 
ChNg_B: checks 
*** FLOP *** [5c 8c Ks]
ChNg_B: checks 
motormower: bets $0.10
ChNg_B: folds 
Uncalled bet ($0.10) returned to motormower
motormower collected $0.12 from pot
motormower: doesn't show hand 
*** SUMMARY ***
Total pot $0.12 | Rake $0 
Board [5c 8c Ks]
Seat 1: Dorex2007 folded before Flop (didn't bet)
Seat 2: SzNorbert12 folded before Flop (didn't bet)
Seat 3: Jaguar78917 folded before Flop (didn't bet)
Seat 4: motormower collected ($0.12)
Seat 5: cristoferoo7 folded before Flop (didn't bet)
Seat 6: koba1998 (button) folded before Flop (didn't bet)
Seat 7: AssosManiki (small blind) folded before Flop
Seat 8: ChNg_B (big blind) folded on the Flop
Seat 9: linoaspoker folded before Flop (didn't bet)



PokerStars Hand #238627428598:  Hold'em No Limit ($0.02/$0.05 USD) - 2022/09/14 12:29:31 PT [2022/09/14 15:29:31 ET]
Table 'Varsavia' 9-max Seat #7 is the button
Seat 1: Dorex2007 ($5 in chips) 
Seat 2: SzNorbert12 ($5.76 in chips) 
Seat 3: Jaguar78917 ($4.81 in chips) 
Seat 4: motormower ($8.05 in chips) 
Seat 5: cristoferoo7 ($11.20 in chips) 
Seat 6: koba1998 ($6.89 in chips) 
Seat 7: AssosManiki ($11.78 in chips) 
Seat 8: ChNg_B ($23.37 in chips) 
Seat 9: linoaspoker ($9.67 in chips) 
ChNg_B: posts small blind $0.02
linoaspoker: posts big blind $0.05
*** HOLE CARDS ***
Dealt to Dorex2007 [Qc Jc]
Dorex2007: raises $0.12 to $0.17
SzNorbert12: folds 
Jaguar78917: folds 
motormower: folds 
cristoferoo7: folds 
koba1998: folds 
AssosManiki: calls $0.17
ChNg_B: folds 
linoaspoker: folds 
*** FLOP *** [4h 7h 5h]
Dorex2007: checks 
AssosManiki: checks 
*** TURN *** [4h 7h 5h] [4d]
Dorex2007: checks 
AssosManiki: checks 
*** RIVER *** [4h 7h 5h 4d] [8d]
Dorex2007: checks 
AssosManiki: checks 
*** SHOW DOWN ***
Dorex2007: shows [Qc Jc] (a pair of Fours)
AssosManiki: shows [Tc Kc] (a pair of Fours - King kicker)
AssosManiki collected $0.39 from pot
*** SUMMARY ***
Total pot $0.41 | Rake $0.02 
Board [4h 7h 5h 4d 8d]
Seat 1: Dorex2007 showed [Qc Jc] and lost with a pair of Fours
Seat 2: SzNorbert12 folded before Flop (didn't bet)
Seat 3: Jaguar78917 folded before Flop (didn't bet)
Seat 4: motormower folded before Flop (didn't bet)
Seat 5: cristoferoo7 folded before Flop (didn't bet)
Seat 6: koba1998 folded before Flop (didn't bet)
Seat 7: AssosManiki (button) showed [Tc Kc] and won ($0.39) with a pair of Fours
Seat 8: ChNg_B (small blind) folded before Flop
Seat 9: linoaspoker (big blind) folded before Flop



PokerStars Hand #238627444883:  Hold'em No Limit ($0.02/$0.05 USD) - 2022/09/14 12:30:12 PT [2022/09/14 15:30:12 ET]
Table 'Varsavia' 9-max Seat #8 is the button
Seat 1: Dorex2007 ($5 in chips) 
Seat 2: SzNorbert12 ($5.76 in chips) 
Seat 3: Jaguar78917 ($4.81 in chips) 
Seat 4: motormower ($8.05 in chips) 
Seat 5: cristoferoo7 ($11.20 in chips) 
Seat 6: koba1998 ($6.89 in chips) 
Seat 7: AssosManiki ($12 in chips) 
Seat 8: ChNg_B ($23.35 in chips) 
Seat 9: linoaspoker ($9.62 in chips) 
linoaspoker: posts small blind $0.02
Dorex2007: posts big blind $0.05
*** HOLE CARDS ***
Dealt to Dorex2007 [6h 3h]
SzNorbert12: folds 
Jaguar78917: raises $0.10 to $0.15
motormower: folds 
cristoferoo7: folds 
koba1998: folds 
AssosManiki: folds 
ChNg_B: folds 
linoaspoker: folds 
Dorex2007: folds 
Uncalled bet ($0.10) returned to Jaguar78917
Jaguar78917 collected $0.12 from pot
Jaguar78917: doesn't show hand 
*** SUMMARY ***
Total pot $0.12 | Rake $0 
Seat 1: Dorex2007 (big blind) folded before Flop
Seat 2: SzNorbert12 folded before Flop (didn't bet)
Seat 3: Jaguar78917 collected ($0.12)
Seat 4: motormower folded before Flop (didn't bet)
Seat 5: cristoferoo7 folded before Flop (didn't bet)
Seat 6: koba1998 folded before Flop (didn't bet)
Seat 7: AssosManiki folded before Flop (didn't bet)
Seat 8: ChNg_B (button) folded before Flop (didn't bet)
Seat 9: linoaspoker (small blind) folded before Flop



PokerStars Hand #238627452699:  Hold'em No Limit ($0.02/$0.05 USD) - 2022/09/14 12:30:32 PT [2022/09/14 15:30:32 ET]
Table 'Varsavia' 9-max Seat #9 is the button
Seat 1: Dorex2007 ($5 in chips) 
Seat 2: SzNorbert12 ($5.76 in chips) 
Seat 3: Jaguar78917 ($4.88 in chips) 
Seat 4: motormower ($8.05 in chips) 
Seat 5: cristoferoo7 ($11.20 in chips) 
Seat 6: koba1998 ($6.89 in chips) 
Seat 7: AssosManiki ($12 in chips) 
Seat 8: ChNg_B ($23.35 in chips) 
Seat 9: linoaspoker ($9.60 in chips) 
Dorex2007: posts small blind $0.02
SzNorbert12: posts big blind $0.05
*** HOLE CARDS ***
Dealt to Dorex2007 [Jd 2s]
Jaguar78917: folds 
motormower: calls $0.05
cristoferoo7: raises $0.10 to $0.15
koba1998: folds 
AssosManiki: calls $0.15
ChNg_B: folds 
linoaspoker: folds 
Dorex2007: folds 
SzNorbert12: folds 
motormower: calls $0.10
*** FLOP *** [7h 4c 7c]
motormower: checks 
cristoferoo7: bets $0.25
AssosManiki: folds 
motormower: folds 
Uncalled bet ($0.25) returned to cristoferoo7
cristoferoo7 collected $0.50 from pot
*** SUMMARY ***
Total pot $0.52 | Rake $0.02 
Board [7h 4c 7c]
Seat 1: Dorex2007 (small blind) folded before Flop
Seat 2: SzNorbert12 (big blind) folded before Flop
Seat 3: Jaguar78917 folded before Flop (didn't bet)
Seat 4: motormower folded on the Flop
Seat 5: cristoferoo7 collected ($0.50)
Seat 6: koba1998 folded before Flop (didn't bet)
Seat 7: AssosManiki folded on the Flop
Seat 8: ChNg_B folded before Flop (didn't bet)
Seat 9: linoaspoker (button) folded before Flop (didn't bet)



PokerStars Hand #238627472799:  Hold'em No Limit ($0.02/$0.05 USD) - 2022/09/14 12:31:23 PT [2022/09/14 15:31:23 ET]
Table 'Varsavia' 9-max Seat #1 is the button
Seat 1: Dorex2007 ($5 in chips) 
Seat 2: SzNorbert12 ($5.71 in chips) 
Seat 4: motormower ($7.90 in chips) 
Seat 5: cristoferoo7 ($11.55 in chips) 
Seat 6: koba1998 ($6.89 in chips) 
Seat 7: AssosManiki ($11.85 in chips) 
Seat 8: ChNg_B ($23.35 in chips) 
Seat 9: linoaspoker ($9.60 in chips) 
SzNorbert12: posts small blind $0.02
motormower: posts big blind $0.05
*** HOLE CARDS ***
Dealt to Dorex2007 [Jd Td]
cristoferoo7: folds 
koba1998: folds 
AssosManiki: folds 
ChNg_B: folds 
linoaspoker: folds 
Dorex2007: folds 
SzNorbert12: calls $0.03
motormower: checks 
*** FLOP *** [3c 4s 7s]
SzNorbert12: bets $0.08
motormower: calls $0.08
*** TURN *** [3c 4s 7s] [4c]
SzNorbert12: bets $0.19
motormower: folds 
Uncalled bet ($0.19) returned to SzNorbert12
SzNorbert12 collected $0.25 from pot
SzNorbert12: doesn't show hand 
*** SUMMARY ***
Total pot $0.26 | Rake $0.01 
Board [3c 4s 7s 4c]
Seat 1: Dorex2007 (button) folded before Flop (didn't bet)
Seat 2: SzNorbert12 (small blind) collected ($0.25)
Seat 4: motormower (big blind) folded on the Turn
Seat 5: cristoferoo7 folded before Flop (didn't bet)
Seat 6: koba1998 folded before Flop (didn't bet)
Seat 7: AssosManiki folded before Flop (didn't bet)
Seat 8: ChNg_B folded before Flop (didn't bet)
Seat 9: linoaspoker folded before Flop (didn't bet)



PokerStars Hand #238627482844:  Hold'em No Limit ($0.02/$0.05 USD) - 2022/09/14 12:31:48 PT [2022/09/14 15:31:48 ET]
Table 'Varsavia' 9-max Seat #2 is the button
Seat 1: Dorex2007 ($5 in chips) 
Seat 2: SzNorbert12 ($5.83 in chips) 
Seat 4: motormower ($7.77 in chips) 
Seat 5: cristoferoo7 ($11.55 in chips) 
Seat 6: koba1998 ($6.89 in chips) 
Seat 7: AssosManiki ($11.85 in chips) 
Seat 8: ChNg_B ($23.35 in chips) 
Seat 9: linoaspoker ($9.60 in chips) 
motormower: posts small blind $0.02
cristoferoo7: posts big blind $0.05
*** HOLE CARDS ***
Dealt to Dorex2007 [7c 3d]
koba1998: folds 
AssosManiki: folds 
ChNg_B: folds 
linoaspoker: calls $0.05
Dorex2007: folds 
SzNorbert12: raises $0.12 to $0.17
motormower: folds 
cristoferoo7: calls $0.12
linoaspoker: calls $0.12
*** FLOP *** [4h 4d 2c]
cristoferoo7: checks 
linoaspoker: bets $0.17
SzNorbert12: folds 
cristoferoo7: calls $0.17
*** TURN *** [4h 4d 2c] [8s]
cristoferoo7: checks 
linoaspoker: bets $0.60
cristoferoo7: folds 
Uncalled bet ($0.60) returned to linoaspoker
linoaspoker collected $0.83 from pot
linoaspoker: doesn't show hand 
*** SUMMARY ***
Total pot $0.87 | Rake $0.04 
Board [4h 4d 2c 8s]
Seat 1: Dorex2007 folded before Flop (didn't bet)
Seat 2: SzNorbert12 (button) folded on the Flop
Seat 4: motormower (small blind) folded before Flop
Seat 5: cristoferoo7 (big blind) folded on the Turn
Seat 6: koba1998 folded before Flop (didn't bet)
Seat 7: AssosManiki folded before Flop (didn't bet)
Seat 8: ChNg_B folded before Flop (didn't bet)
Seat 9: linoaspoker collected ($0.83)



PokerStars Hand #238627505878:  Hold'em No Limit ($0.02/$0.05 USD) - 2022/09/14 12:32:46 PT [2022/09/14 15:32:46 ET]
Table 'Varsavia' 9-max Seat #4 is the button
Seat 1: Dorex2007 ($5 in chips) 
Seat 2: SzNorbert12 ($5.66 in chips) 
Seat 4: motormower ($7.75 in chips) 
Seat 5: cristoferoo7 ($11.21 in chips) 
Seat 6: koba1998 ($6.89 in chips) 
Seat 7: AssosManiki ($11.85 in chips) 
Seat 8: ChNg_B ($23.35 in chips) 
Seat 9: linoaspoker ($10.09 in chips) 
cristoferoo7: posts small blind $0.02
koba1998: posts big blind $0.05
*** HOLE CARDS ***
Dealt to Dorex2007 [Jc 7c]
AssosManiki: raises $0.08 to $0.13
ChNg_B: folds 
linoaspoker: folds 
Dorex2007: folds 
SzNorbert12: folds 
motormower: folds 
cristoferoo7: calls $0.11
koba1998: calls $0.08
*** FLOP *** [9d 3s 7d]
cristoferoo7: checks 
koba1998: bets $0.18
AssosManiki: calls $0.18
cristoferoo7: calls $0.18
*** TURN *** [9d 3s 7d] [6s]
cristoferoo7: checks 
koba1998: bets $0.89
AssosManiki: calls $0.89
cristoferoo7: calls $0.89
*** RIVER *** [9d 3s 7d 6s] [6h]
cristoferoo7: checks 
koba1998: bets $1.72
AssosManiki: folds 
cristoferoo7: calls $1.72
*** SHOW DOWN ***
koba1998: shows [Qc Th] (a pair of Sixes)
cristoferoo7: shows [4d 6d] (three of a kind, Sixes)
cristoferoo7 collected $6.75 from pot
*** SUMMARY ***
Total pot $7.04 | Rake $0.29 
Board [9d 3s 7d 6s 6h]
Seat 1: Dorex2007 folded before Flop (didn't bet)
Seat 2: SzNorbert12 folded before Flop (didn't bet)
Seat 4: motormower (button) folded before Flop (didn't bet)
Seat 5: cristoferoo7 (small blind) showed [4d 6d] and won ($6.75) with three of a kind, Sixes
Seat 6: koba1998 (big blind) showed [Qc Th] and lost with a pair of Sixes
Seat 7: AssosManiki folded on the River
Seat 8: ChNg_B folded before Flop (didn't bet)
Seat 9: linoaspoker folded before Flop (didn't bet)



PokerStars Hand #238627541968:  Hold'em No Limit ($0.02/$0.05 USD) - 2022/09/14 12:34:16 PT [2022/09/14 15:34:16 ET]
Table 'Varsavia' 9-max Seat #5 is the button
Seat 1: Dorex2007 ($5 in chips) 
Seat 2: SzNorbert12 ($5.66 in chips) 
Seat 4: motormower ($7.75 in chips) 
Seat 5: cristoferoo7 ($15.04 in chips) 
Seat 6: koba1998 ($3.97 in chips) 
Seat 7: AssosManiki ($10.65 in chips) 
Seat 8: ChNg_B ($23.35 in chips) 
Seat 9: linoaspoker ($10.09 in chips) 
koba1998: posts small blind $0.02
AssosManiki: posts big blind $0.05
*** HOLE CARDS ***
Dealt to Dorex2007 [8s Js]
ChNg_B: folds 
linoaspoker: calls $0.05
Dorex2007: folds 
SzNorbert12: folds 
motormower: raises $0.05 to $0.10
cristoferoo7: folds 
koba1998: folds 
AssosManiki: calls $0.05
linoaspoker: calls $0.05
*** FLOP *** [9c 2d 4d]
AssosManiki: bets $0.20
linoaspoker: folds 
motormower: folds 
Uncalled bet ($0.20) returned to AssosManiki
AssosManiki collected $0.31 from pot
AssosManiki: doesn't show hand 
*** SUMMARY ***
Total pot $0.32 | Rake $0.01 
Board [9c 2d 4d]
Seat 1: Dorex2007 folded before Flop (didn't bet)
Seat 2: SzNorbert12 folded before Flop (didn't bet)
Seat 4: motormower folded on the Flop
Seat 5: cristoferoo7 (button) folded before Flop (didn't bet)
Seat 6: koba1998 (small blind) folded before Flop
Seat 7: AssosManiki (big blind) collected ($0.31)
Seat 8: ChNg_B folded before Flop (didn't bet)
Seat 9: linoaspoker folded on the Flop



PokerStars Hand #238627559370:  Hold'em No Limit ($0.02/$0.05 USD) - 2022/09/14 12:34:59 PT [2022/09/14 15:34:59 ET]
Table 'Varsavia' 9-max Seat #6 is the button
Seat 1: Dorex2007 ($5 in chips) 
Seat 2: SzNorbert12 ($5.66 in chips) 
Seat 4: motormower ($7.65 in chips) 
Seat 5: cristoferoo7 ($15.04 in chips) 
Seat 6: koba1998 ($3.95 in chips) 
Seat 7: AssosManiki ($10.86 in chips) 
Seat 8: ChNg_B ($23.35 in chips) 
Seat 9: linoaspoker ($9.99 in chips) 
AssosManiki: posts small blind $0.02
ChNg_B: posts big blind $0.05
*** HOLE CARDS ***
Dealt to Dorex2007 [Qh 3h]
linoaspoker: folds 
Dorex2007: folds 
SzNorbert12: folds 
motormower: raises $0.05 to $0.10
cristoferoo7: folds 
koba1998: folds 
AssosManiki: folds 
ChNg_B: calls $0.05
*** FLOP *** [8s Kd 7h]
ChNg_B: checks 
motormower: bets $0.10
ChNg_B: calls $0.10
*** TURN *** [8s Kd 7h] [7s]
ChNg_B: checks 
motormower: bets $0.20
ChNg_B: calls $0.20
*** RIVER *** [8s Kd 7h 7s] [9s]
ChNg_B: bets $0.65
motormower: calls $0.65
*** SHOW DOWN ***
ChNg_B: shows [4s 6s] (a flush, Nine high)
motormower: mucks hand 
ChNg_B collected $2.03 from pot
*** SUMMARY ***
Total pot $2.12 | Rake $0.09 
Board [8s Kd 7h 7s 9s]
Seat 1: Dorex2007 folded before Flop (didn't bet)
Seat 2: SzNorbert12 folded before Flop (didn't bet)
Seat 4: motormower mucked [Tc Ts]
Seat 5: cristoferoo7 folded before Flop (didn't bet)
Seat 6: koba1998 (button) folded before Flop (didn't bet)
Seat 7: AssosManiki (small blind) folded before Flop
Seat 8: ChNg_B (big blind) showed [4s 6s] and won ($2.03) with a flush, Nine high
Seat 9: linoaspoker folded before Flop (didn't bet)



PokerStars Hand #238627583434:  Hold'em No Limit ($0.02/$0.05 USD) - 2022/09/14 12:35:59 PT [2022/09/14 15:35:59 ET]
Table 'Varsavia' 9-max Seat #7 is the button
Seat 1: Dorex2007 ($5 in chips) 
Seat 2: SzNorbert12 ($5.66 in chips) 
Seat 4: motormower ($6.60 in chips) 
Seat 5: cristoferoo7 ($15.04 in chips) 
Seat 6: koba1998 ($3.95 in chips) 
Seat 7: AssosManiki ($10.84 in chips) 
Seat 8: ChNg_B ($24.33 in chips) 
Seat 9: linoaspoker ($9.99 in chips) 
ChNg_B: posts small blind $0.02
linoaspoker: posts big blind $0.05
*** HOLE CARDS ***
Dealt to Dorex2007 [9c 7s]
Dorex2007: folds 
SzNorbert12: folds 
motormower: calls $0.05
cristoferoo7: folds 
koba1998: calls $0.05
AssosManiki: calls $0.05
ChNg_B: folds 
linoaspoker: checks 
*** FLOP *** [Tc 3c 3h]
linoaspoker: checks 
motormower: bets $0.15
koba1998: folds 
AssosManiki: calls $0.15
linoaspoker: folds 
*** TURN *** [Tc 3c 3h] [Ad]
motormower: bets $0.10
AssosManiki: calls $0.10
*** RIVER *** [Tc 3c 3h Ad] [8h]
motormower: checks 
AssosManiki: checks 
*** SHOW DOWN ***
motormower: shows [Th Qd] (two pair, Tens and Threes)
AssosManiki: mucks hand 
motormower collected $0.69 from pot
*** SUMMARY ***
Total pot $0.72 | Rake $0.03 
Board [Tc 3c 3h Ad 8h]
Seat 1: Dorex2007 folded before Flop (didn't bet)
Seat 2: SzNorbert12 folded before Flop (didn't bet)
Seat 4: motormower showed [Th Qd] and won ($0.69) with two pair, Tens and Threes
Seat 5: cristoferoo7 folded before Flop (didn't bet)
Seat 6: koba1998 folded on the Flop
Seat 7: AssosManiki (button) mucked [5c 6c]
Seat 8: ChNg_B (small blind) folded before Flop
Seat 9: linoaspoker (big blind) folded on the Flop



PokerStars Hand #238627603865:  Hold'em No Limit ($0.02/$0.05 USD) - 2022/09/14 12:36:50 PT [2022/09/14 15:36:50 ET]
Table 'Varsavia' 9-max Seat #8 is the button
Seat 1: Dorex2007 ($5 in chips) 
Seat 2: SzNorbert12 ($5.66 in chips) 
Seat 4: motormower ($6.99 in chips) 
Seat 5: cristoferoo7 ($15.04 in chips) 
Seat 6: koba1998 ($3.90 in chips) 
Seat 7: AssosManiki ($10.54 in chips) 
Seat 8: ChNg_B ($24.31 in chips) 
Seat 9: linoaspoker ($9.94 in chips) 
linoaspoker: posts small blind $0.02
Dorex2007: posts big blind $0.05
*** HOLE CARDS ***
Dealt to Dorex2007 [8c 2h]
SzNorbert12: folds 
motormower: folds 
cristoferoo7: folds 
koba1998: calls $0.05
AssosManiki: folds 
ChNg_B: calls $0.05
linoaspoker: raises $0.07 to $0.12
Dorex2007: folds 
koba1998: calls $0.07
cristoferoo7 is disconnected 
ChNg_B: calls $0.07
*** FLOP *** [2d 4c Th]
linoaspoker: checks 
koba1998: checks 
ChNg_B: checks 
*** TURN *** [2d 4c Th] [Kh]
linoaspoker: checks 
koba1998: checks 
ChNg_B: checks 
*** RIVER *** [2d 4c Th Kh] [7c]
linoaspoker: checks 
koba1998: checks 
ChNg_B: bets $0.35
linoaspoker: folds 
koba1998: folds 
Uncalled bet ($0.35) returned to ChNg_B
ChNg_B collected $0.39 from pot
*** SUMMARY ***
Total pot $0.41 | Rake $0.02 
Board [2d 4c Th Kh 7c]
Seat 1: Dorex2007 (big blind) folded before Flop
Seat 2: SzNorbert12 folded before Flop (didn't bet)
Seat 4: motormower folded before Flop (didn't bet)
Seat 5: cristoferoo7 folded before Flop (didn't bet)
Seat 6: koba1998 folded on the River
Seat 7: AssosManiki folded before Flop (didn't bet)
Seat 8: ChNg_B (button) collected ($0.39)
Seat 9: linoaspoker (small blind) folded on the River



PokerStars Hand #238627625321:  Hold'em No Limit ($0.02/$0.05 USD) - 2022/09/14 12:37:44 PT [2022/09/14 15:37:44 ET]
Table 'Varsavia' 9-max Seat #9 is the button
Seat 1: Dorex2007 ($5 in chips) 
Seat 2: SzNorbert12 ($5.66 in chips) 
Seat 4: motormower ($6.99 in chips) 
Seat 5: cristoferoo7 ($15.04 in chips) 
Seat 6: koba1998 ($3.78 in chips) 
Seat 7: AssosManiki ($10.54 in chips) 
Seat 8: ChNg_B ($24.58 in chips) 
Seat 9: linoaspoker ($9.82 in chips) 
Dorex2007: posts small blind $0.02
SzNorbert12: posts big blind $0.05
*** HOLE CARDS ***
Dealt to Dorex2007 [3s 9c]
motormower: folds 
cristoferoo7: folds 
koba1998: folds 
AssosManiki: folds 
ChNg_B: raises $0.07 to $0.12
linoaspoker: folds 
Dorex2007: folds 
SzNorbert12: folds 
Uncalled bet ($0.07) returned to ChNg_B
ChNg_B collected $0.12 from pot
*** SUMMARY ***
Total pot $0.12 | Rake $0 
Seat 1: Dorex2007 (small blind) folded before Flop
Seat 2: SzNorbert12 (big blind) folded before Flop
Seat 4: motormower folded before Flop (didn't bet)
Seat 5: cristoferoo7 folded before Flop (didn't bet)
Seat 6: koba1998 folded before Flop (didn't bet)
Seat 7: AssosManiki folded before Flop (didn't bet)
Seat 8: ChNg_B collected ($0.12)
Seat 9: linoaspoker (button) folded before Flop (didn't bet)



PokerStars Hand #238627632817:  Hold'em No Limit ($0.02/$0.05 USD) - 2022/09/14 12:38:03 PT [2022/09/14 15:38:03 ET]
Table 'Varsavia' 9-max Seat #1 is the button
Seat 1: Dorex2007 ($5 in chips) 
Seat 2: SzNorbert12 ($5.61 in chips) 
Seat 4: motormower ($6.99 in chips) 
Seat 5: cristoferoo7 ($15.04 in chips) 
Seat 6: koba1998 ($3.78 in chips) 
Seat 7: AssosManiki ($10.54 in chips) 
Seat 8: ChNg_B ($24.65 in chips) 
Seat 9: linoaspoker ($9.82 in chips) 
SzNorbert12: posts small blind $0.02
motormower: posts big blind $0.05
*** HOLE CARDS ***
Dealt to Dorex2007 [As 7c]
cristoferoo7: folds 
koba1998: calls $0.05
AssosManiki: raises $0.08 to $0.13
ChNg_B: folds 
linoaspoker: calls $0.13
Dorex2007: folds 
SzNorbert12: folds 
motormower: folds 
koba1998: calls $0.08
*** FLOP *** [Qd 4s Td]
koba1998: checks 
AssosManiki: bets $0.29
linoaspoker: calls $0.29
koba1998: raises $1.31 to $1.60
AssosManiki: folds 
linoaspoker: folds 
Uncalled bet ($1.31) returned to koba1998
koba1998 collected $1.27 from pot
*** SUMMARY ***
Total pot $1.33 | Rake $0.06 
Board [Qd 4s Td]
Seat 1: Dorex2007 (button) folded before Flop (didn't bet)
Seat 2: SzNorbert12 (small blind) folded before Flop
Seat 4: motormower (big blind) folded before Flop
Seat 5: cristoferoo7 folded before Flop (didn't bet)
Seat 6: koba1998 collected ($1.27)
Seat 7: AssosManiki folded on the Flop
Seat 8: ChNg_B folded before Flop (didn't bet)
Seat 9: linoaspoker folded on the Flop



PokerStars Hand #238627655501:  Hold'em No Limit ($0.02/$0.05 USD) - 2022/09/14 12:38:59 PT [2022/09/14 15:38:59 ET]
Table 'Varsavia' 9-max Seat #2 is the button
Seat 1: Dorex2007 ($5 in chips) 
Seat 2: SzNorbert12 ($5.59 in chips) 
Seat 4: motormower ($6.94 in chips) 
Seat 5: cristoferoo7 ($15.04 in chips) 
Seat 6: koba1998 ($4.63 in chips) 
Seat 7: AssosManiki ($10.12 in chips) 
Seat 8: ChNg_B ($24.65 in chips) 
Seat 9: linoaspoker ($9.40 in chips) 
motormower: posts small blind $0.02
cristoferoo7: posts big blind $0.05
*** HOLE CARDS ***
Dealt to Dorex2007 [Qs Kc]
koba1998: raises $0.05 to $0.10
AssosManiki: folds 
ChNg_B: folds 
linoaspoker: folds 
Dorex2007: calls $0.10
SzNorbert12: folds 
motormower: calls $0.08
cristoferoo7: folds 
*** FLOP *** [4h 7h Qd]
motormower: bets $0.05
koba1998: folds 
Dorex2007: raises $0.24 to $0.29
motormower: calls $0.24
*** TURN *** [4h 7h Qd] [Ah]
motormower: bets $0.20
Dorex2007: folds 
Uncalled bet ($0.20) returned to motormower
motormower collected $0.89 from pot
motormower: doesn't show hand 
*** SUMMARY ***
Total pot $0.93 | Rake $0.04 
Board [4h 7h Qd Ah]
Seat 1: Dorex2007 folded on the Turn
Seat 2: SzNorbert12 (button) folded before Flop (didn't bet)
Seat 4: motormower (small blind) collected ($0.89)
Seat 5: cristoferoo7 (big blind) folded before Flop
Seat 6: koba1998 folded on the Flop
Seat 7: AssosManiki folded before Flop (didn't bet)
Seat 8: ChNg_B folded before Flop (didn't bet)
Seat 9: linoaspoker folded before Flop (didn't bet)



PokerStars Hand #238627674062:  Hold'em No Limit ($0.02/$0.05 USD) - 2022/09/14 12:39:45 PT [2022/09/14 15:39:45 ET]
Table 'Varsavia' 9-max Seat #4 is the button
Seat 1: Dorex2007 ($5 in chips) 
Seat 2: SzNorbert12 ($5.59 in chips) 
Seat 4: motormower ($7.44 in chips) 
Seat 5: cristoferoo7 ($14.99 in chips) 
Seat 6: koba1998 ($4.53 in chips) 
Seat 7: AssosManiki ($10.12 in chips) 
Seat 8: ChNg_B ($24.65 in chips) 
Seat 9: linoaspoker ($9.40 in chips) 
cristoferoo7: posts small blind $0.02
koba1998: posts big blind $0.05
*** HOLE CARDS ***
Dealt to Dorex2007 [6d Ts]
AssosManiki: folds 
ChNg_B: raises $0.07 to $0.12
linoaspoker: folds 
Dorex2007: folds 
SzNorbert12: calls $0.12
motormower: calls $0.12
cristoferoo7: folds 
koba1998: calls $0.07
*** FLOP *** [4h 7d Qd]
koba1998: checks 
ChNg_B: checks 
SzNorbert12: bets $0.25
motormower: folds 
koba1998: folds 
ChNg_B: calls $0.25
*** TURN *** [4h 7d Qd] [4s]
ChNg_B: bets $0.45
SzNorbert12: folds 
Uncalled bet ($0.45) returned to ChNg_B
ChNg_B collected $0.96 from pot
*** SUMMARY ***
Total pot $1 | Rake $0.04 
Board [4h 7d Qd 4s]
Seat 1: Dorex2007 folded before Flop (didn't bet)
Seat 2: SzNorbert12 folded on the Turn
Seat 4: motormower (button) folded on the Flop
Seat 5: cristoferoo7 (small blind) folded before Flop
Seat 6: koba1998 (big blind) folded on the Flop
Seat 7: AssosManiki folded before Flop (didn't bet)
Seat 8: ChNg_B collected ($0.96)
Seat 9: linoaspoker folded before Flop (didn't bet)



PokerStars Hand #238627702695:  Hold'em No Limit ($0.02/$0.05 USD) - 2022/09/14 12:40:57 PT [2022/09/14 15:40:57 ET]
Table 'Varsavia' 9-max Seat #5 is the button
Seat 1: Dorex2007 ($5 in chips) 
Seat 2: SzNorbert12 ($5.22 in chips) 
Seat 4: motormower ($7.32 in chips) 
Seat 5: cristoferoo7 ($14.97 in chips) 
Seat 6: koba1998 ($4.41 in chips) 
Seat 7: AssosManiki ($10.12 in chips) 
Seat 8: ChNg_B ($25.24 in chips) 
Seat 9: linoaspoker ($9.40 in chips) 
koba1998: posts small blind $0.02
AssosManiki: posts big blind $0.05
*** HOLE CARDS ***
Dealt to Dorex2007 [Ad 9d]
ChNg_B: folds 
linoaspoker: folds 
Dorex2007: raises $0.10 to $0.15
SzNorbert12: folds 
motormower: folds 
cristoferoo7: folds 
koba1998: folds 
AssosManiki: calls $0.10
*** FLOP *** [2s 5h Jh]
cristoferoo7 leaves the table
AssosManiki: checks 
Dorex2007: checks 
*** TURN *** [2s 5h Jh] [4h]
vkorgik joins the table at seat #5 
AssosManiki: checks 
Dorex2007: checks 
*** RIVER *** [2s 5h Jh 4h] [8s]
AssosManiki: checks 
Dorex2007: checks 
*** SHOW DOWN ***
AssosManiki: shows [9s Qs] (high card Queen)
Dorex2007: shows [Ad 9d] (high card Ace)
Dorex2007 collected $0.31 from pot
*** SUMMARY ***
Total pot $0.32 | Rake $0.01 
Board [2s 5h Jh 4h 8s]
Seat 1: Dorex2007 showed [Ad 9d] and won ($0.31) with high card Ace
Seat 2: SzNorbert12 folded before Flop (didn't bet)
Seat 4: motormower folded before Flop (didn't bet)
Seat 5: cristoferoo7 (button) folded before Flop (didn't bet)
Seat 6: koba1998 (small blind) folded before Flop
Seat 7: AssosManiki (big blind) showed [9s Qs] and lost with high card Queen
Seat 8: ChNg_B folded before Flop (didn't bet)
Seat 9: linoaspoker folded before Flop (didn't bet)



PokerStars Hand #238627722310:  Hold'em No Limit ($0.02/$0.05 USD) - 2022/09/14 12:41:46 PT [2022/09/14 15:41:46 ET]
Table 'Varsavia' 9-max Seat #6 is the button
Seat 1: Dorex2007 ($5.16 in chips) 
Seat 2: SzNorbert12 ($5.22 in chips) 
Seat 4: motormower ($7.32 in chips) 
Seat 6: koba1998 ($4.39 in chips) 
Seat 7: AssosManiki ($9.97 in chips) 
Seat 8: ChNg_B ($25.24 in chips) 
Seat 9: linoaspoker ($9.40 in chips) 
AssosManiki: posts small blind $0.02
ChNg_B: posts big blind $0.05
vkorgik: sits out 
*** HOLE CARDS ***
Dealt to Dorex2007 [3c 7h]
linoaspoker: folds 
Dorex2007: folds 
SzNorbert12: raises $0.10 to $0.15
motormower: folds 
koba1998: folds 
AssosManiki: folds 
ChNg_B: folds 
Uncalled bet ($0.10) returned to SzNorbert12
SzNorbert12 collected $0.12 from pot
SzNorbert12: doesn't show hand 
*** SUMMARY ***
Total pot $0.12 | Rake $0 
Seat 1: Dorex2007 folded before Flop (didn't bet)
Seat 2: SzNorbert12 collected ($0.12)
Seat 4: motormower folded before Flop (didn't bet)
Seat 6: koba1998 (button) folded before Flop (didn't bet)
Seat 7: AssosManiki (small blind) folded before Flop
Seat 8: ChNg_B (big blind) folded before Flop
Seat 9: linoaspoker folded before Flop (didn't bet)



PokerStars Hand #238627730106:  Hold'em No Limit ($0.02/$0.05 USD) - 2022/09/14 12:42:05 PT [2022/09/14 15:42:05 ET]
Table 'Varsavia' 9-max Seat #7 is the button
Seat 1: Dorex2007 ($5.16 in chips) 
Seat 2: SzNorbert12 ($5.29 in chips) 
Seat 4: motormower ($7.32 in chips) 
Seat 6: koba1998 ($4.39 in chips) 
Seat 7: AssosManiki ($9.95 in chips) 
Seat 8: ChNg_B ($25.19 in chips) 
Seat 9: linoaspoker ($9.40 in chips) 
ChNg_B: posts small blind $0.02
linoaspoker: posts big blind $0.05
vkorgik: sits out 
*** HOLE CARDS ***
Dealt to Dorex2007 [Kc 3c]
Dorex2007: folds 
SzNorbert12: folds 
motormower: calls $0.05
koba1998: calls $0.05
AssosManiki: folds 
ChNg_B: folds 
linoaspoker: checks 
*** FLOP *** [Qs 3d Jd]
linoaspoker: checks 
motormower: bets $0.10
koba1998: calls $0.10
linoaspoker: folds 
*** TURN *** [Qs 3d Jd] [As]
motormower: checks 
koba1998: bets $0.17
motormower: calls $0.17
*** RIVER *** [Qs 3d Jd As] [8s]
motormower: checks 
koba1998: bets $0.68
motormower: folds 
Uncalled bet ($0.68) returned to koba1998
koba1998 collected $0.68 from pot
*** SUMMARY ***
Total pot $0.71 | Rake $0.03 
Board [Qs 3d Jd As 8s]
Seat 1: Dorex2007 folded before Flop (didn't bet)
Seat 2: SzNorbert12 folded before Flop (didn't bet)
Seat 4: motormower folded on the River
Seat 6: koba1998 collected ($0.68)
Seat 7: AssosManiki (button) folded before Flop (didn't bet)
Seat 8: ChNg_B (small blind) folded before Flop
Seat 9: linoaspoker (big blind) folded on the Flop



PokerStars Hand #238627754799:  Hold'em No Limit ($0.02/$0.05 USD) - 2022/09/14 12:43:07 PT [2022/09/14 15:43:07 ET]
Table 'Varsavia' 9-max Seat #8 is the button
Seat 1: Dorex2007 ($5.16 in chips) 
Seat 2: SzNorbert12 ($5.29 in chips) 
Seat 4: motormower ($7 in chips) 
Seat 6: koba1998 ($4.75 in chips) 
Seat 7: AssosManiki ($9.95 in chips) 
Seat 8: ChNg_B ($25.17 in chips) 
Seat 9: linoaspoker ($9.35 in chips) 
linoaspoker: posts small blind $0.02
Dorex2007: posts big blind $0.05
vkorgik: sits out 
*** HOLE CARDS ***
Dealt to Dorex2007 [2h Qd]
SzNorbert12: folds 
motormower: raises $0.05 to $0.10
koba1998: folds 
AssosManiki: folds 
ChNg_B: folds 
linoaspoker: raises $0.25 to $0.35
Dorex2007: folds 
motormower: calls $0.25
*** FLOP *** [2c Jd 4h]
linoaspoker: bets $0.45
motormower: folds 
Uncalled bet ($0.45) returned to linoaspoker
linoaspoker collected $0.72 from pot
linoaspoker: doesn't show hand 
*** SUMMARY ***
Total pot $0.75 | Rake $0.03 
Board [2c Jd 4h]
Seat 1: Dorex2007 (big blind) folded before Flop
Seat 2: SzNorbert12 folded before Flop (didn't bet)
Seat 4: motormower folded on the Flop
Seat 6: koba1998 folded before Flop (didn't bet)
Seat 7: AssosManiki folded before Flop (didn't bet)
Seat 8: ChNg_B (button) folded before Flop (didn't bet)
Seat 9: linoaspoker (small blind) collected ($0.72)



PokerStars Hand #238627767315:  Hold'em No Limit ($0.02/$0.05 USD) - 2022/09/14 12:43:38 PT [2022/09/14 15:43:38 ET]
Table 'Varsavia' 9-max Seat #9 is the button
Seat 1: Dorex2007 ($5.11 in chips) 
Seat 2: SzNorbert12 ($5.29 in chips) 
Seat 4: motormower ($6.65 in chips) 
Seat 6: koba1998 ($4.75 in chips) 
Seat 7: AssosManiki ($9.95 in chips) 
Seat 8: ChNg_B ($25.17 in chips) 
Seat 9: linoaspoker ($9.72 in chips) 
Dorex2007: posts small blind $0.02
SzNorbert12: posts big blind $0.05
vkorgik: sits out 
*** HOLE CARDS ***
Dealt to Dorex2007 [Th Js]
motormower: folds 
koba1998: folds 
AssosManiki: folds 
ChNg_B: raises $0.07 to $0.12
linoaspoker: folds 
Dorex2007: folds 
SzNorbert12: calls $0.07
*** FLOP *** [6h 3s Ac]
SzNorbert12: checks 
ChNg_B: bets $0.25
SzNorbert12: folds 
Uncalled bet ($0.25) returned to ChNg_B
ChNg_B collected $0.25 from pot
*** SUMMARY ***
Total pot $0.26 | Rake $0.01 
Board [6h 3s Ac]
Seat 1: Dorex2007 (small blind) folded before Flop
Seat 2: SzNorbert12 (big blind) folded on the Flop
Seat 4: motormower folded before Flop (didn't bet)
Seat 6: koba1998 folded before Flop (didn't bet)
Seat 7: AssosManiki folded before Flop (didn't bet)
Seat 8: ChNg_B collected ($0.25)
Seat 9: linoaspoker (button) folded before Flop (didn't bet)



PokerStars Hand #238627781670:  Hold'em No Limit ($0.02/$0.05 USD) - 2022/09/14 12:44:14 PT [2022/09/14 15:44:14 ET]
Table 'Varsavia' 9-max Seat #1 is the button
Seat 1: Dorex2007 ($5.09 in chips) 
Seat 2: SzNorbert12 ($5.17 in chips) 
Seat 4: motormower ($6.65 in chips) 
Seat 6: koba1998 ($4.75 in chips) 
Seat 7: AssosManiki ($9.95 in chips) 
Seat 8: ChNg_B ($25.30 in chips) 
Seat 9: linoaspoker ($9.72 in chips) 
SzNorbert12: posts small blind $0.02
motormower: posts big blind $0.05
vkorgik: sits out 
*** HOLE CARDS ***
Dealt to Dorex2007 [Qh 4d]
koba1998: folds 
AssosManiki: folds 
ChNg_B: raises $0.07 to $0.12
linoaspoker: folds 
Dorex2007: folds 
SzNorbert12: folds 
motormower: folds 
Uncalled bet ($0.07) returned to ChNg_B
ChNg_B collected $0.12 from pot
*** SUMMARY ***
Total pot $0.12 | Rake $0 
Seat 1: Dorex2007 (button) folded before Flop (didn't bet)
Seat 2: SzNorbert12 (small blind) folded before Flop
Seat 4: motormower (big blind) folded before Flop
Seat 6: koba1998 folded before Flop (didn't bet)
Seat 7: AssosManiki folded before Flop (didn't bet)
Seat 8: ChNg_B collected ($0.12)
Seat 9: linoaspoker folded before Flop (didn't bet)



PokerStars Hand #238627793056:  Hold'em No Limit ($0.02/$0.05 USD) - 2022/09/14 12:44:43 PT [2022/09/14 15:44:43 ET]
Table 'Varsavia' 9-max Seat #2 is the button
Seat 1: Dorex2007 ($5.09 in chips) 
Seat 2: SzNorbert12 ($5.15 in chips) 
Seat 4: motormower ($6.60 in chips) 
Seat 5: vkorgik ($5 in chips) 
Seat 6: koba1998 ($4.75 in chips) 
Seat 7: AssosManiki ($9.95 in chips) 
Seat 8: ChNg_B ($25.37 in chips) 
Seat 9: linoaspoker ($9.72 in chips) 
motormower: posts small blind $0.02
vkorgik: posts big blind $0.05
*** HOLE CARDS ***
Dealt to Dorex2007 [3c 6d]
koba1998: raises $0.05 to $0.10
AssosManiki: folds 
ChNg_B: folds 
linoaspoker: folds 
Dorex2007: folds 
SzNorbert12: folds 
motormower: raises $0.05 to $0.15
vkorgik: folds 
koba1998: raises $0.15 to $0.30
motormower: calls $0.15
*** FLOP *** [4c 5c 5s]
motormower: checks 
koba1998: bets $0.31
motormower: calls $0.31
*** TURN *** [4c 5c 5s] [6h]
motormower: checks 
koba1998: bets $0.61
motormower: folds 
Uncalled bet ($0.61) returned to koba1998
koba1998 collected $1.22 from pot
*** SUMMARY ***
Total pot $1.27 | Rake $0.05 
Board [4c 5c 5s 6h]
Seat 1: Dorex2007 folded before Flop (didn't bet)
Seat 2: SzNorbert12 (button) folded before Flop (didn't bet)
Seat 4: motormower (small blind) folded on the Turn
Seat 5: vkorgik (big blind) folded before Flop
Seat 6: koba1998 collected ($1.22)
Seat 7: AssosManiki folded before Flop (didn't bet)
Seat 8: ChNg_B folded before Flop (didn't bet)
Seat 9: linoaspoker folded before Flop (didn't bet)



PokerStars Hand #238627808114:  Hold'em No Limit ($0.02/$0.05 USD) - 2022/09/14 12:45:20 PT [2022/09/14 15:45:20 ET]
Table 'Varsavia' 9-max Seat #4 is the button
Seat 1: Dorex2007 ($5.09 in chips) 
Seat 2: SzNorbert12 ($5.15 in chips) 
Seat 4: motormower ($5.99 in chips) 
Seat 5: vkorgik ($5 in chips) 
Seat 6: koba1998 ($5.36 in chips) 
Seat 7: AssosManiki ($9.95 in chips) 
Seat 8: ChNg_B ($25.37 in chips) 
Seat 9: linoaspoker ($9.72 in chips) 
vkorgik: posts small blind $0.02
koba1998: posts big blind $0.05
*** HOLE CARDS ***
Dealt to Dorex2007 [9d 3h]
AssosManiki: folds 
ChNg_B: folds 
linoaspoker: calls $0.05
Dorex2007: folds 
SzNorbert12: folds 
motormower: folds 
vkorgik: raises $0.19 to $0.24
koba1998: folds 
linoaspoker: folds 
Uncalled bet ($0.19) returned to vkorgik
vkorgik collected $0.15 from pot
vkorgik: doesn't show hand 
*** SUMMARY ***
Total pot $0.15 | Rake $0 
Seat 1: Dorex2007 folded before Flop (didn't bet)
Seat 2: SzNorbert12 folded before Flop (didn't bet)
Seat 4: motormower (button) folded before Flop (didn't bet)
Seat 5: vkorgik (small blind) collected ($0.15)
Seat 6: koba1998 (big blind) folded before Flop
Seat 7: AssosManiki folded before Flop (didn't bet)
Seat 8: ChNg_B folded before Flop (didn't bet)
Seat 9: linoaspoker folded before Flop



PokerStars Hand #238627817281:  Hold'em No Limit ($0.02/$0.05 USD) - 2022/09/14 12:45:44 PT [2022/09/14 15:45:44 ET]
Table 'Varsavia' 9-max Seat #5 is the button
Seat 1: Dorex2007 ($5.09 in chips) 
Seat 2: SzNorbert12 ($5.15 in chips) 
Seat 4: motormower ($5.99 in chips) 
Seat 5: vkorgik ($5.10 in chips) 
Seat 6: koba1998 ($5.31 in chips) 
Seat 7: AssosManiki ($9.95 in chips) 
Seat 8: ChNg_B ($25.37 in chips) 
Seat 9: linoaspoker ($9.67 in chips) 
koba1998: posts small blind $0.02
AssosManiki: posts big blind $0.05
*** HOLE CARDS ***
Dealt to Dorex2007 [7h 7s]
ChNg_B: raises $0.07 to $0.12
linoaspoker: calls $0.12
Dorex2007: calls $0.12
SzNorbert12: folds 
motormower: folds 
vkorgik: folds 
koba1998: calls $0.10
AssosManiki: folds 
*** FLOP *** [Qc 3d 9s]
koba1998: checks 
ChNg_B: checks 
linoaspoker: bets $0.35
Dorex2007: folds 
koba1998: calls $0.35
ChNg_B: folds 
*** TURN *** [Qc 3d 9s] [4d]
koba1998: checks 
linoaspoker: checks 
*** RIVER *** [Qc 3d 9s 4d] [5s]
koba1998: checks 
linoaspoker: checks 
*** SHOW DOWN ***
koba1998: shows [Ad Jd] (high card Ace)
linoaspoker: shows [Jh Qh] (a pair of Queens)
linoaspoker collected $1.18 from pot
*** SUMMARY ***
Total pot $1.23 | Rake $0.05 
Board [Qc 3d 9s 4d 5s]
Seat 1: Dorex2007 folded on the Flop
Seat 2: SzNorbert12 folded before Flop (didn't bet)
Seat 4: motormower folded before Flop (didn't bet)
Seat 5: vkorgik (button) folded before Flop (didn't bet)
Seat 6: koba1998 (small blind) showed [Ad Jd] and lost with high card Ace
Seat 7: AssosManiki (big blind) folded before Flop
Seat 8: ChNg_B folded on the Flop
Seat 9: linoaspoker showed [Jh Qh] and won ($1.18) with a pair of Queens



