PokerStars Hand #237127549192:  Hold'em No Limit ($0.01/$0.02 USD) - 2022/07/02 19:53:25 PT [2022/07/02 22:53:25 ET]
Table 'Zelia III' 9-max Seat #3 is the button
Seat 2: Dorex2007 ($2 in chips) 
Seat 3: INTIMIDATOR69 ($1 in chips) 
Seat 5: noborin ($9 in chips) 
Seat 6: firouze x ($1.19 in chips) 
Seat 7: Gabilanpio ($1.97 in chips) 
Seat 8: HuJwang ($1.38 in chips) 
Seat 9: deileon ($2.07 in chips) 
noborin: posts small blind $0.01
firouze x: posts big blind $0.02
Dorex2007: posts big blind $0.02
*** HOLE CARDS ***
Dealt to Dorex2007 [Kh 4c]
Gabilanpio: folds 
HuJwang: folds 
sociologix leaves the table
deileon: folds 
Dorex2007: checks 
INTIMIDATOR69: calls $0.02
noborin: calls $0.01
firouze x: checks 
*** FLOP *** [8h 5c 9h]
noborin: bets $0.04
firouze x: folds 
Dorex2007: folds 
INTIMIDATOR69: calls $0.04
*** TURN *** [8h 5c 9h] [Qd]
noborin: bets $0.15
INTIMIDATOR69: calls $0.15
*** RIVER *** [8h 5c 9h Qd] [Tc]
noborin: checks 
INTIMIDATOR69: checks 
*** SHOW DOWN ***
noborin: shows [4s 7d] (high card Queen)
INTIMIDATOR69: shows [Qs 7s] (a pair of Queens)
INTIMIDATOR69 collected $0.44 from pot
*** SUMMARY ***
Total pot $0.46 | Rake $0.02 
Board [8h 5c 9h Qd Tc]
Seat 2: Dorex2007 folded on the Flop (didn't bet)
Seat 3: INTIMIDATOR69 (button) showed [Qs 7s] and won ($0.44) with a pair of Queens
Seat 5: noborin (small blind) showed [4s 7d] and lost with high card Queen
Seat 6: firouze x (big blind) folded on the Flop
Seat 7: Gabilanpio folded before Flop (didn't bet)
Seat 8: HuJwang folded before Flop (didn't bet)
Seat 9: deileon folded before Flop (didn't bet)



PokerStars Hand #237127558337:  Hold'em No Limit ($0.01/$0.02 USD) - 2022/07/02 19:54:22 PT [2022/07/02 22:54:22 ET]
Table 'Zelia III' 9-max Seat #5 is the button
Seat 2: Dorex2007 ($2 in chips) 
Seat 3: INTIMIDATOR69 ($1.23 in chips) 
Seat 5: noborin ($8.79 in chips) 
Seat 6: firouze x ($1.17 in chips) 
Seat 7: Gabilanpio ($1.97 in chips) 
Seat 8: HuJwang ($1.38 in chips) 
Seat 9: deileon ($2.07 in chips) 
firouze x: posts small blind $0.01
Gabilanpio: posts big blind $0.02
*** HOLE CARDS ***
Dealt to Dorex2007 [3h Qd]
benz.kent joins the table at seat #4 
HuJwang: folds 
deileon: folds 
Dorex2007: folds 
INTIMIDATOR69: folds 
noborin: calls $0.02
firouze x: calls $0.01
IRAKLARAGAMA leaves the table
Gabilanpio: raises $0.12 to $0.14
noborin: folds 
firouze x: folds 
Uncalled bet ($0.12) returned to Gabilanpio
Gabilanpio collected $0.06 from pot
*** SUMMARY ***
Total pot $0.06 | Rake $0 
Seat 2: Dorex2007 folded before Flop (didn't bet)
Seat 3: INTIMIDATOR69 folded before Flop (didn't bet)
Seat 5: noborin (button) folded before Flop
Seat 6: firouze x (small blind) folded before Flop
Seat 7: Gabilanpio (big blind) collected ($0.06)
Seat 8: HuJwang folded before Flop (didn't bet)
Seat 9: deileon folded before Flop (didn't bet)



PokerStars Hand #237127561963:  Hold'em No Limit ($0.01/$0.02 USD) - 2022/07/02 19:54:45 PT [2022/07/02 22:54:45 ET]
Table 'Zelia III' 9-max Seat #6 is the button
Seat 2: Dorex2007 ($2 in chips) 
Seat 3: INTIMIDATOR69 ($1.23 in chips) 
Seat 5: noborin ($8.77 in chips) 
Seat 6: firouze x ($1.15 in chips) 
Seat 7: Gabilanpio ($2.01 in chips) 
Seat 8: HuJwang ($1.38 in chips) 
Seat 9: deileon ($2.07 in chips) 
Gabilanpio: posts small blind $0.01
HuJwang: posts big blind $0.02
benz.kent has timed out
benz.kent: is sitting out 
*** HOLE CARDS ***
Dealt to Dorex2007 [Kd 9d]
SleepyShepherd joins the table at seat #1 
deileon: folds 
Dorex2007: calls $0.02
benz.kent is disconnected 
INTIMIDATOR69: folds 
noborin: calls $0.02
firouze x: calls $0.02
Gabilanpio: calls $0.01
HuJwang: checks 
*** FLOP *** [9h Kh Tc]
Gabilanpio: checks 
HuJwang: bets $0.08
Dorex2007: raises $1.90 to $1.98 and is all-in
noborin: folds 
firouze x: folds 
Gabilanpio: folds 
HuJwang: folds 
Uncalled bet ($1.90) returned to Dorex2007
Dorex2007 collected $0.25 from pot
*** SUMMARY ***
Total pot $0.26 | Rake $0.01 
Board [9h Kh Tc]
Seat 2: Dorex2007 collected ($0.25)
Seat 3: INTIMIDATOR69 folded before Flop (didn't bet)
Seat 5: noborin folded on the Flop
Seat 6: firouze x (button) folded on the Flop
Seat 7: Gabilanpio (small blind) folded on the Flop
Seat 8: HuJwang (big blind) folded on the Flop
Seat 9: deileon folded before Flop (didn't bet)



PokerStars Hand #237127569415:  Hold'em No Limit ($0.01/$0.02 USD) - 2022/07/02 19:55:39 PT [2022/07/02 22:55:39 ET]
Table 'Zelia III' 9-max Seat #7 is the button
Seat 2: Dorex2007 ($2.15 in chips) 
Seat 3: INTIMIDATOR69 ($1.23 in chips) 
Seat 5: noborin ($8.75 in chips) 
Seat 6: firouze x ($1.13 in chips) 
Seat 7: Gabilanpio ($1.99 in chips) 
Seat 8: HuJwang ($1.28 in chips) 
Seat 9: deileon ($2.07 in chips) 
HuJwang: posts small blind $0.01
deileon: posts big blind $0.02
SleepyShepherd: sits out 
*** HOLE CARDS ***
Dealt to Dorex2007 [Kd 7c]
Dorex2007: folds 
INTIMIDATOR69: folds 
noborin: calls $0.02
firouze x: folds 
Gabilanpio: folds 
HuJwang: calls $0.01
deileon: checks 
*** FLOP *** [As 9h 4c]
HuJwang: checks 
deileon: bets $0.02
noborin: folds 
HuJwang: folds 
Uncalled bet ($0.02) returned to deileon
deileon collected $0.06 from pot
*** SUMMARY ***
Total pot $0.06 | Rake $0 
Board [As 9h 4c]
Seat 2: Dorex2007 folded before Flop (didn't bet)
Seat 3: INTIMIDATOR69 folded before Flop (didn't bet)
Seat 5: noborin folded on the Flop
Seat 6: firouze x folded before Flop (didn't bet)
Seat 7: Gabilanpio (button) folded before Flop (didn't bet)
Seat 8: HuJwang (small blind) folded on the Flop
Seat 9: deileon (big blind) collected ($0.06)



PokerStars Hand #237127573509:  Hold'em No Limit ($0.01/$0.02 USD) - 2022/07/02 19:56:10 PT [2022/07/02 22:56:10 ET]
Table 'Zelia III' 9-max Seat #8 is the button
Seat 1: SleepyShepherd ($2 in chips) 
Seat 2: Dorex2007 ($2.15 in chips) 
Seat 3: INTIMIDATOR69 ($1.23 in chips) 
Seat 5: noborin ($8.73 in chips) 
Seat 6: firouze x ($1.13 in chips) 
Seat 7: Gabilanpio ($1.99 in chips) 
Seat 8: HuJwang ($1.26 in chips) 
Seat 9: deileon ($2.11 in chips) 
deileon: posts small blind $0.01
SleepyShepherd: posts big blind $0.02
*** HOLE CARDS ***
Dealt to Dorex2007 [Kd Kh]
Dorex2007: raises $0.08 to $0.10
INTIMIDATOR69: calls $0.10
noborin: folds 
firouze x: folds 
Gabilanpio: folds 
HuJwang: folds 
deileon: calls $0.09
SleepyShepherd: calls $0.08
*** FLOP *** [4d 8h Ts]
deileon: checks 
SleepyShepherd: bets $0.19
Dorex2007: raises $1.86 to $2.05 and is all-in
INTIMIDATOR69: calls $1.13 and is all-in
deileon: folds 
SleepyShepherd: calls $1.71 and is all-in
Uncalled bet ($0.15) returned to Dorex2007
*** TURN *** [4d 8h Ts] [Kc]
*** RIVER *** [4d 8h Ts Kc] [9c]
*** SHOW DOWN ***
SleepyShepherd: shows [8s Jd] (a pair of Eights)
Dorex2007: shows [Kd Kh] (three of a kind, Kings)
INTIMIDATOR69: shows [Ks Th] (two pair, Kings and Tens)
Dorex2007 cashed out the hand for $3.58 | Cash Out Fee $0.04
*** SUMMARY ***
Total pot $5.33 Main pot $3.66. Side pot $1.48. | Rake $0.19 
Board [4d 8h Ts Kc 9c]
Seat 1: SleepyShepherd (big blind) showed [8s Jd] and lost with a pair of Eights
Seat 2: Dorex2007 showed [Kd Kh] and won ($5.14) with three of a kind, Kings (pot not awarded as player cashed out)
Seat 3: INTIMIDATOR69 showed [Ks Th] and lost with two pair, Kings and Tens
Seat 5: noborin folded before Flop (didn't bet)
Seat 6: firouze x folded before Flop (didn't bet)
Seat 7: Gabilanpio folded before Flop (didn't bet)
Seat 8: HuJwang (button) folded before Flop (didn't bet)
Seat 9: deileon (small blind) folded on the Flop



PokerStars Hand #237127580289:  Hold'em No Limit ($0.01/$0.02 USD) - 2022/07/02 19:57:03 PT [2022/07/02 22:57:03 ET]
Table 'Zelia III' 9-max Seat #9 is the button
Seat 2: Dorex2007 ($3.73 in chips) 
Seat 3: INTIMIDATOR69 ($1 in chips) 
Seat 5: noborin ($8.73 in chips) 
Seat 6: firouze x ($1.13 in chips) 
Seat 7: Gabilanpio ($1.99 in chips) 
Seat 8: HuJwang ($1.26 in chips) 
Seat 9: deileon ($2.01 in chips) 
Dorex2007: posts small blind $0.01
INTIMIDATOR69: posts big blind $0.02
*** HOLE CARDS ***
Dealt to Dorex2007 [Kd Ts]
noborin: folds 
firouze x: folds 
Gabilanpio: folds 
HuJwang: folds 
deileon: folds 
Dorex2007: calls $0.01
INTIMIDATOR69: checks 
*** FLOP *** [3c 3s Jd]
Dorex2007: checks 
INTIMIDATOR69: bets $0.04
Dorex2007: folds 
Uncalled bet ($0.04) returned to INTIMIDATOR69
INTIMIDATOR69 collected $0.04 from pot
*** SUMMARY ***
Total pot $0.04 | Rake $0 
Board [3c 3s Jd]
Seat 2: Dorex2007 (small blind) folded on the Flop
Seat 3: INTIMIDATOR69 (big blind) collected ($0.04)
Seat 5: noborin folded before Flop (didn't bet)
Seat 6: firouze x folded before Flop (didn't bet)
Seat 7: Gabilanpio folded before Flop (didn't bet)
Seat 8: HuJwang folded before Flop (didn't bet)
Seat 9: deileon (button) folded before Flop (didn't bet)



PokerStars Hand #237127584733:  Hold'em No Limit ($0.01/$0.02 USD) - 2022/07/02 19:57:36 PT [2022/07/02 22:57:36 ET]
Table 'Zelia III' 9-max Seat #2 is the button
Seat 1: SleepyShepherd ($2 in chips) 
Seat 2: Dorex2007 ($3.71 in chips) 
Seat 3: INTIMIDATOR69 ($1.02 in chips) 
Seat 5: noborin ($8.73 in chips) 
Seat 6: firouze x ($1.13 in chips) 
Seat 7: Gabilanpio ($1.99 in chips) 
Seat 8: HuJwang ($1.26 in chips) 
Seat 9: deileon ($2.01 in chips) 
INTIMIDATOR69: posts small blind $0.01
noborin: posts big blind $0.02
SleepyShepherd: posts small blind $0.01
*** HOLE CARDS ***
Dealt to Dorex2007 [2h 3s]
firouze x: folds 
Gabilanpio: folds 
HuJwang: folds 
deileon: folds 
SleepyShepherd: raises $0.06 to $0.08
Dorex2007: folds 
INTIMIDATOR69: calls $0.07
noborin: folds 
*** FLOP *** [3h 4d 5d]
INTIMIDATOR69: checks 
SleepyShepherd: bets $0.09
INTIMIDATOR69: calls $0.09
*** TURN *** [3h 4d 5d] [8d]
INTIMIDATOR69: bets $0.36
SleepyShepherd: calls $0.36
*** RIVER *** [3h 4d 5d 8d] [Ac]
INTIMIDATOR69: bets $0.49 and is all-in
SleepyShepherd: folds 
Uncalled bet ($0.49) returned to INTIMIDATOR69
INTIMIDATOR69 collected $1.05 from pot
*** SUMMARY ***
Total pot $1.09 | Rake $0.04 
Board [3h 4d 5d 8d Ac]
Seat 1: SleepyShepherd folded on the River
Seat 2: Dorex2007 (button) folded before Flop (didn't bet)
Seat 3: INTIMIDATOR69 (small blind) collected ($1.05)
Seat 5: noborin (big blind) folded before Flop
Seat 6: firouze x folded before Flop (didn't bet)
Seat 7: Gabilanpio folded before Flop (didn't bet)
Seat 8: HuJwang folded before Flop (didn't bet)
Seat 9: deileon folded before Flop (didn't bet)



PokerStars Hand #237127590215:  Hold'em No Limit ($0.01/$0.02 USD) - 2022/07/02 19:58:18 PT [2022/07/02 22:58:18 ET]
Table 'Zelia III' 9-max Seat #3 is the button
Seat 1: SleepyShepherd ($1.46 in chips) 
Seat 2: Dorex2007 ($3.71 in chips) 
Seat 3: INTIMIDATOR69 ($1.54 in chips) 
Seat 5: noborin ($8.71 in chips) 
Seat 6: firouze x ($1.13 in chips) 
Seat 7: Gabilanpio ($1.99 in chips) 
Seat 8: HuJwang ($1.26 in chips) 
Seat 9: deileon ($2.01 in chips) 
noborin: posts small blind $0.01
firouze x: posts big blind $0.02
*** HOLE CARDS ***
Dealt to Dorex2007 [Ac Jd]
Gabilanpio: calls $0.02
HuJwang: folds 
deileon: folds 
SleepyShepherd: raises $0.07 to $0.09
Dorex2007: calls $0.09
INTIMIDATOR69: calls $0.09
noborin: folds 
firouze x: folds 
Gabilanpio: calls $0.07
*** FLOP *** [6h Js 3h]
Gabilanpio: checks 
SleepyShepherd: bets $0.19
Dorex2007: raises $3.43 to $3.62 and is all-in
INTIMIDATOR69: folds 
Gabilanpio: folds 
SleepyShepherd: calls $1.18 and is all-in
Uncalled bet ($2.25) returned to Dorex2007
*** TURN *** [6h Js 3h] [9c]
*** RIVER *** [6h Js 3h 9c] [8s]
*** SHOW DOWN ***
SleepyShepherd: shows [4d 4s] (a pair of Fours)
Dorex2007: shows [Ac Jd] (a pair of Jacks)
Dorex2007 cashed out the hand for $2.62 | Cash Out Fee $0.03
*** SUMMARY ***
Total pot $3.13 | Rake $0.11 
Board [6h Js 3h 9c 8s]
Seat 1: SleepyShepherd showed [4d 4s] and lost with a pair of Fours
Seat 2: Dorex2007 showed [Ac Jd] and won ($3.02) with a pair of Jacks (pot not awarded as player cashed out)
Seat 3: INTIMIDATOR69 (button) folded on the Flop
Seat 5: noborin (small blind) folded before Flop
Seat 6: firouze x (big blind) folded before Flop
Seat 7: Gabilanpio folded on the Flop
Seat 8: HuJwang folded before Flop (didn't bet)
Seat 9: deileon folded before Flop (didn't bet)



PokerStars Hand #237127597760:  Hold'em No Limit ($0.01/$0.02 USD) - 2022/07/02 19:59:17 PT [2022/07/02 22:59:17 ET]
Table 'Zelia III' 9-max Seat #5 is the button
Seat 2: Dorex2007 ($4.87 in chips) 
Seat 3: INTIMIDATOR69 ($1.45 in chips) 
Seat 5: noborin ($8.70 in chips) 
Seat 6: firouze x ($1.11 in chips) 
Seat 7: Gabilanpio ($1.90 in chips) 
Seat 8: HuJwang ($1.26 in chips) 
Seat 9: deileon ($2.01 in chips) 
firouze x: posts small blind $0.01
Gabilanpio: posts big blind $0.02
*** HOLE CARDS ***
Dealt to Dorex2007 [2h 3c]
HuJwang: folds 
deileon: folds 
Dorex2007: folds 
INTIMIDATOR69: calls $0.02
noborin: calls $0.02
firouze x: calls $0.01
SleepyShepherd leaves the table
Gabilanpio: checks 
*** FLOP *** [Kh 7s Ad]
firouze x: checks 
Gabilanpio: checks 
INTIMIDATOR69: checks 
noborin: checks 
*** TURN *** [Kh 7s Ad] [Qd]
firouze x: checks 
Gabilanpio: checks 
INTIMIDATOR69: bets $0.04
noborin: calls $0.04
firouze x: folds 
Gabilanpio: folds 
*** RIVER *** [Kh 7s Ad Qd] [7h]
INTIMIDATOR69: checks 
DonoBono10 joins the table at seat #1 
noborin: checks 
*** SHOW DOWN ***
INTIMIDATOR69: shows [2s Qs] (two pair, Queens and Sevens)
noborin: mucks hand 
INTIMIDATOR69 collected $0.15 from pot
*** SUMMARY ***
Total pot $0.16 | Rake $0.01 
Board [Kh 7s Ad Qd 7h]
Seat 2: Dorex2007 folded before Flop (didn't bet)
Seat 3: INTIMIDATOR69 showed [2s Qs] and won ($0.15) with two pair, Queens and Sevens
Seat 5: noborin (button) mucked [Tc 9d]
Seat 6: firouze x (small blind) folded on the Turn
Seat 7: Gabilanpio (big blind) folded on the Turn
Seat 8: HuJwang folded before Flop (didn't bet)
Seat 9: deileon folded before Flop (didn't bet)



PokerStars Hand #237127605329:  Hold'em No Limit ($0.01/$0.02 USD) - 2022/07/02 20:00:13 PT [2022/07/02 23:00:13 ET]
Table 'Zelia III' 9-max Seat #6 is the button
Seat 2: Dorex2007 ($4.87 in chips) 
Seat 3: INTIMIDATOR69 ($1.54 in chips) 
Seat 5: noborin ($8.64 in chips) 
Seat 6: firouze x ($1.09 in chips) 
Seat 7: Gabilanpio ($1.88 in chips) 
Seat 8: HuJwang ($1.26 in chips) 
Seat 9: deileon ($2.01 in chips) 
Gabilanpio: posts small blind $0.01
HuJwang: posts big blind $0.02
DonoBono10: sits out 
*** HOLE CARDS ***
Dealt to Dorex2007 [Kd 9s]
deileon: folds 
Dorex2007: folds 
INTIMIDATOR69: folds 
noborin: calls $0.02
firouze x: calls $0.02
Gabilanpio: calls $0.01
HuJwang: raises $0.08 to $0.10
noborin: folds 
firouze x: folds 
Gabilanpio: folds 
Uncalled bet ($0.08) returned to HuJwang
HuJwang collected $0.08 from pot
*** SUMMARY ***
Total pot $0.08 | Rake $0 
Seat 2: Dorex2007 folded before Flop (didn't bet)
Seat 3: INTIMIDATOR69 folded before Flop (didn't bet)
Seat 5: noborin folded before Flop
Seat 6: firouze x (button) folded before Flop
Seat 7: Gabilanpio (small blind) folded before Flop
Seat 8: HuJwang (big blind) collected ($0.08)
Seat 9: deileon folded before Flop (didn't bet)



PokerStars Hand #237127609642:  Hold'em No Limit ($0.01/$0.02 USD) - 2022/07/02 20:00:43 PT [2022/07/02 23:00:43 ET]
Table 'Zelia III' 9-max Seat #7 is the button
Seat 2: Dorex2007 ($4.87 in chips) 
Seat 3: INTIMIDATOR69 ($1.54 in chips) 
Seat 5: noborin ($8.62 in chips) 
Seat 6: firouze x ($1.07 in chips) 
Seat 7: Gabilanpio ($1.86 in chips) 
Seat 8: HuJwang ($1.32 in chips) 
Seat 9: deileon ($2.01 in chips) 
HuJwang: posts small blind $0.01
deileon: posts big blind $0.02
DonoBono10: sits out 
*** HOLE CARDS ***
Dealt to Dorex2007 [6c 4d]
Dorex2007: folds 
INTIMIDATOR69: folds 
noborin: calls $0.02
firouze x: folds 
Gabilanpio: folds 
HuJwang: folds 
deileon: checks 
*** FLOP *** [3h As Js]
deileon: checks 
noborin: bets $0.04
deileon: folds 
Uncalled bet ($0.04) returned to noborin
noborin collected $0.05 from pot
*** SUMMARY ***
Total pot $0.05 | Rake $0 
Board [3h As Js]
Seat 2: Dorex2007 folded before Flop (didn't bet)
Seat 3: INTIMIDATOR69 folded before Flop (didn't bet)
Seat 5: noborin collected ($0.05)
Seat 6: firouze x folded before Flop (didn't bet)
Seat 7: Gabilanpio (button) folded before Flop (didn't bet)
Seat 8: HuJwang (small blind) folded before Flop
Seat 9: deileon (big blind) folded on the Flop



PokerStars Hand #237127614477:  Hold'em No Limit ($0.01/$0.02 USD) - 2022/07/02 20:01:15 PT [2022/07/02 23:01:15 ET]
Table 'Zelia III' 9-max Seat #8 is the button
Seat 1: DonoBono10 ($2 in chips) 
Seat 2: Dorex2007 ($4.87 in chips) 
Seat 3: INTIMIDATOR69 ($1.54 in chips) 
Seat 5: noborin ($8.65 in chips) 
Seat 6: firouze x ($1.07 in chips) 
Seat 7: Gabilanpio ($1.86 in chips) 
Seat 8: HuJwang ($1.31 in chips) 
Seat 9: deileon ($1.99 in chips) 
deileon: posts small blind $0.01
DonoBono10: posts big blind $0.02
*** HOLE CARDS ***
Dealt to Dorex2007 [Kh 9d]
Dorex2007: folds 
INTIMIDATOR69: folds 
noborin: calls $0.02
firouze x: folds 
Gabilanpio: raises $0.04 to $0.06
HuJwang: folds 
deileon: folds 
DonoBono10: calls $0.04
noborin: calls $0.04
*** FLOP *** [3h 5d As]
DonoBono10: bets $0.05
noborin: folds 
Gabilanpio: folds 
Uncalled bet ($0.05) returned to DonoBono10
DonoBono10 collected $0.18 from pot
*** SUMMARY ***
Total pot $0.19 | Rake $0.01 
Board [3h 5d As]
Seat 1: DonoBono10 (big blind) collected ($0.18)
Seat 2: Dorex2007 folded before Flop (didn't bet)
Seat 3: INTIMIDATOR69 folded before Flop (didn't bet)
Seat 5: noborin folded on the Flop
Seat 6: firouze x folded before Flop (didn't bet)
Seat 7: Gabilanpio folded on the Flop
Seat 8: HuJwang (button) folded before Flop (didn't bet)
Seat 9: deileon (small blind) folded before Flop



PokerStars Hand #237127623614:  Hold'em No Limit ($0.01/$0.02 USD) - 2022/07/02 20:01:47 PT [2022/07/02 23:01:47 ET]
Table 'Zelia III' 9-max Seat #9 is the button
Seat 1: DonoBono10 ($2.12 in chips) 
Seat 2: Dorex2007 ($4.87 in chips) 
Seat 3: INTIMIDATOR69 ($1.54 in chips) 
Seat 5: noborin ($8.59 in chips) 
Seat 6: firouze x ($1.07 in chips) 
Seat 7: Gabilanpio ($1.80 in chips) 
Seat 8: HuJwang ($1.31 in chips) 
Seat 9: deileon ($1.98 in chips) 
DonoBono10: posts small blind $0.01
Dorex2007: posts big blind $0.02
*** HOLE CARDS ***
Dealt to Dorex2007 [As 6h]
INTIMIDATOR69: folds 
noborin: folds 
firouze x: folds 
Gabilanpio: calls $0.02
HuJwang: folds 
deileon: folds 
DonoBono10: folds 
Dorex2007: checks 
*** FLOP *** [Js 5c 7c]
Dorex2007: checks 
Gabilanpio: checks 
*** TURN *** [Js 5c 7c] [9d]
Dorex2007: checks 
Gabilanpio: checks 
*** RIVER *** [Js 5c 7c 9d] [9s]
Dorex2007: checks 
Gabilanpio: checks 
*** SHOW DOWN ***
Dorex2007: shows [As 6h] (a pair of Nines)
Gabilanpio: mucks hand 
Dorex2007 collected $0.05 from pot
*** SUMMARY ***
Total pot $0.05 | Rake $0 
Board [Js 5c 7c 9d 9s]
Seat 1: DonoBono10 (small blind) folded before Flop
Seat 2: Dorex2007 (big blind) showed [As 6h] and won ($0.05) with a pair of Nines
Seat 3: INTIMIDATOR69 folded before Flop (didn't bet)
Seat 5: noborin folded before Flop (didn't bet)
Seat 6: firouze x folded before Flop (didn't bet)
Seat 7: Gabilanpio mucked [Kh 6c]
Seat 8: HuJwang folded before Flop (didn't bet)
Seat 9: deileon (button) folded before Flop (didn't bet)



PokerStars Hand #237127630696:  Hold'em No Limit ($0.01/$0.02 USD) - 2022/07/02 20:02:33 PT [2022/07/02 23:02:33 ET]
Table 'Zelia III' 9-max Seat #1 is the button
Seat 1: DonoBono10 ($2.11 in chips) 
Seat 2: Dorex2007 ($4.90 in chips) 
Seat 3: INTIMIDATOR69 ($1.54 in chips) 
Seat 5: noborin ($8.59 in chips) 
Seat 6: firouze x ($1.07 in chips) 
Seat 7: Gabilanpio ($1.78 in chips) 
Seat 8: HuJwang ($1.31 in chips) 
Seat 9: deileon ($1.98 in chips) 
Dorex2007: posts small blind $0.01
INTIMIDATOR69: posts big blind $0.02
*** HOLE CARDS ***
Dealt to Dorex2007 [Qs 5d]
noborin: folds 
firouze x: folds 
Gabilanpio: calls $0.02
HuJwang: folds 
deileon: folds 
DonoBono10 has timed out
DonoBono10: folds 
Dorex2007: calls $0.01
INTIMIDATOR69: checks 
*** FLOP *** [Jd 3s 2s]
Dorex2007: checks 
INTIMIDATOR69: checks 
Gabilanpio: checks 
*** TURN *** [Jd 3s 2s] [Td]
Dorex2007: checks 
INTIMIDATOR69: checks 
Gabilanpio: checks 
*** RIVER *** [Jd 3s 2s Td] [Qh]
Dorex2007: checks 
INTIMIDATOR69: bets $0.14
Gabilanpio: folds 
Dorex2007: folds 
Uncalled bet ($0.14) returned to INTIMIDATOR69
INTIMIDATOR69 collected $0.06 from pot
*** SUMMARY ***
Total pot $0.06 | Rake $0 
Board [Jd 3s 2s Td Qh]
Seat 1: DonoBono10 (button) folded before Flop (didn't bet)
Seat 2: Dorex2007 (small blind) folded on the River
Seat 3: INTIMIDATOR69 (big blind) collected ($0.06)
Seat 5: noborin folded before Flop (didn't bet)
Seat 6: firouze x folded before Flop (didn't bet)
Seat 7: Gabilanpio folded on the River
Seat 8: HuJwang folded before Flop (didn't bet)
Seat 9: deileon folded before Flop (didn't bet)



PokerStars Hand #237127641996:  Hold'em No Limit ($0.01/$0.02 USD) - 2022/07/02 20:03:46 PT [2022/07/02 23:03:46 ET]
Table 'Zelia III' 9-max Seat #2 is the button
Seat 1: DonoBono10 ($2.11 in chips) 
Seat 2: Dorex2007 ($4.88 in chips) 
Seat 3: INTIMIDATOR69 ($1.58 in chips) 
Seat 5: noborin ($8.59 in chips) 
Seat 6: firouze x ($1.07 in chips) 
Seat 7: Gabilanpio ($1.76 in chips) 
Seat 8: HuJwang ($1.31 in chips) 
Seat 9: deileon ($1.98 in chips) 
INTIMIDATOR69: posts small blind $0.01
noborin: posts big blind $0.02
*** HOLE CARDS ***
Dealt to Dorex2007 [Th 3c]
firouze x: calls $0.02
Gabilanpio: raises $0.04 to $0.06
HuJwang: folds 
deileon: folds 
DonoBono10: calls $0.06
Dorex2007: folds 
INTIMIDATOR69: calls $0.05
noborin: calls $0.04
firouze x: folds 
*** FLOP *** [Js 7s 9h]
INTIMIDATOR69: checks 
noborin: checks 
Gabilanpio: bets $0.12
DonoBono10: calls $0.12
INTIMIDATOR69: folds 
noborin: calls $0.12
*** TURN *** [Js 7s 9h] [7c]
noborin: bets $0.30
Gabilanpio: calls $0.30
benz.kent leaves the table
Dartam09 joins the table at seat #4 
DonoBono10: calls $0.30
*** RIVER *** [Js 7s 9h 7c] [4s]
noborin: checks 
Gabilanpio: bets $1.28 and is all-in
DonoBono10: folds 
noborin: folds 
Uncalled bet ($1.28) returned to Gabilanpio
Gabilanpio collected $1.47 from pot
*** SUMMARY ***
Total pot $1.52 | Rake $0.05 
Board [Js 7s 9h 7c 4s]
Seat 1: DonoBono10 folded on the River
Seat 2: Dorex2007 (button) folded before Flop (didn't bet)
Seat 3: INTIMIDATOR69 (small blind) folded on the Flop
Seat 5: noborin (big blind) folded on the River
Seat 6: firouze x folded before Flop
Seat 7: Gabilanpio collected ($1.47)
Seat 8: HuJwang folded before Flop (didn't bet)
Seat 9: deileon folded before Flop (didn't bet)



PokerStars Hand #237127660727:  Hold'em No Limit ($0.01/$0.02 USD) - 2022/07/02 20:05:47 PT [2022/07/02 23:05:47 ET]
Table 'Zelia III' 9-max Seat #3 is the button
Seat 1: DonoBono10 ($1.63 in chips) 
Seat 2: Dorex2007 ($4.88 in chips) 
Seat 3: INTIMIDATOR69 ($1.52 in chips) 
Seat 5: noborin ($8.11 in chips) 
Seat 6: firouze x ($1.05 in chips) 
Seat 7: Gabilanpio ($2.75 in chips) 
Seat 8: HuJwang ($1.31 in chips) 
Seat 9: deileon ($1.98 in chips) 
noborin: posts small blind $0.01
firouze x: posts big blind $0.02
*** HOLE CARDS ***
Dealt to Dorex2007 [8c 7c]
Gabilanpio: calls $0.02
HuJwang: folds 
deileon: folds 
DonoBono10: raises $0.06 to $0.08
Dorex2007: folds 
INTIMIDATOR69: folds 
noborin: folds 
firouze x: folds 
Gabilanpio: folds 
Uncalled bet ($0.06) returned to DonoBono10
DonoBono10 collected $0.07 from pot
*** SUMMARY ***
Total pot $0.07 | Rake $0 
Seat 1: DonoBono10 collected ($0.07)
Seat 2: Dorex2007 folded before Flop (didn't bet)
Seat 3: INTIMIDATOR69 (button) folded before Flop (didn't bet)
Seat 5: noborin (small blind) folded before Flop
Seat 6: firouze x (big blind) folded before Flop
Seat 7: Gabilanpio folded before Flop
Seat 8: HuJwang folded before Flop (didn't bet)
Seat 9: deileon folded before Flop (didn't bet)



PokerStars Hand #237127665459:  Hold'em No Limit ($0.01/$0.02 USD) - 2022/07/02 20:06:17 PT [2022/07/02 23:06:17 ET]
Table 'Zelia III' 9-max Seat #5 is the button
Seat 1: DonoBono10 ($1.68 in chips) 
Seat 2: Dorex2007 ($4.88 in chips) 
Seat 3: INTIMIDATOR69 ($1.52 in chips) 
Seat 5: noborin ($8.10 in chips) 
Seat 6: firouze x ($1.03 in chips) 
Seat 7: Gabilanpio ($2.73 in chips) 
Seat 8: HuJwang ($1.31 in chips) 
Seat 9: deileon ($1.98 in chips) 
firouze x: posts small blind $0.01
Gabilanpio: posts big blind $0.02
Dartam09: sits out 
*** HOLE CARDS ***
Dealt to Dorex2007 [Kd 7c]
HuJwang: folds 
deileon: folds 
DonoBono10 has timed out
DonoBono10: folds 
Dorex2007: folds 
INTIMIDATOR69: folds 
noborin: calls $0.02
firouze x: calls $0.01
Gabilanpio: checks 
*** FLOP *** [Qs 7s 2h]
firouze x: checks 
Gabilanpio: checks 
noborin: checks 
*** TURN *** [Qs 7s 2h] [8d]
firouze x: checks 
Gabilanpio: checks 
noborin: checks 
*** RIVER *** [Qs 7s 2h 8d] [5s]
firouze x: checks 
Gabilanpio: checks 
noborin: checks 
*** SHOW DOWN ***
firouze x: shows [Jc 9d] (high card Queen)
Gabilanpio: mucks hand 
noborin: shows [Ac Th] (high card Ace)
noborin collected $0.06 from pot
*** SUMMARY ***
Total pot $0.06 | Rake $0 
Board [Qs 7s 2h 8d 5s]
Seat 1: DonoBono10 folded before Flop (didn't bet)
Seat 2: Dorex2007 folded before Flop (didn't bet)
Seat 3: INTIMIDATOR69 folded before Flop (didn't bet)
Seat 5: noborin (button) showed [Ac Th] and won ($0.06) with high card Ace
Seat 6: firouze x (small blind) showed [Jc 9d] and lost with high card Queen
Seat 7: Gabilanpio (big blind) mucked [3h 6d]
Seat 8: HuJwang folded before Flop (didn't bet)
Seat 9: deileon folded before Flop (didn't bet)



PokerStars Hand #237127674650:  Hold'em No Limit ($0.01/$0.02 USD) - 2022/07/02 20:07:17 PT [2022/07/02 23:07:17 ET]
Table 'Zelia III' 9-max Seat #6 is the button
Seat 1: DonoBono10 ($1.68 in chips) 
Seat 2: Dorex2007 ($4.88 in chips) 
Seat 3: INTIMIDATOR69 ($1.52 in chips) 
Seat 4: Dartam09 ($2 in chips) 
Seat 5: noborin ($8.14 in chips) 
Seat 6: firouze x ($1.01 in chips) 
Seat 7: Gabilanpio ($2.71 in chips) 
Seat 8: HuJwang ($1.31 in chips) 
Seat 9: deileon ($1.98 in chips) 
Gabilanpio: posts small blind $0.01
HuJwang: posts big blind $0.02
Dartam09: posts big blind $0.02
*** HOLE CARDS ***
Dealt to Dorex2007 [3s As]
deileon: folds 
DonoBono10: folds 
Dorex2007: calls $0.02
INTIMIDATOR69: folds 
Dartam09: checks 
noborin: folds 
firouze x: folds 
Gabilanpio: folds 
HuJwang: checks 
*** FLOP *** [9c 4d Kd]
HuJwang: checks 
Dorex2007: checks 
Dartam09: checks 
*** TURN *** [9c 4d Kd] [5c]
HuJwang: checks 
Dorex2007: checks 
Dartam09: bets $0.03
HuJwang: folds 
Dorex2007: calls $0.03
*** RIVER *** [9c 4d Kd 5c] [3h]
Dorex2007: checks 
Dartam09: bets $0.13
Dorex2007: folds 
Uncalled bet ($0.13) returned to Dartam09
Dartam09 collected $0.13 from pot
*** SUMMARY ***
Total pot $0.13 | Rake $0 
Board [9c 4d Kd 5c 3h]
Seat 1: DonoBono10 folded before Flop (didn't bet)
Seat 2: Dorex2007 folded on the River
Seat 3: INTIMIDATOR69 folded before Flop (didn't bet)
Seat 4: Dartam09 collected ($0.13)
Seat 5: noborin folded before Flop (didn't bet)
Seat 6: firouze x (button) folded before Flop (didn't bet)
Seat 7: Gabilanpio (small blind) folded before Flop
Seat 8: HuJwang (big blind) folded on the Turn
Seat 9: deileon folded before Flop (didn't bet)



PokerStars Hand #237127683032:  Hold'em No Limit ($0.01/$0.02 USD) - 2022/07/02 20:08:12 PT [2022/07/02 23:08:12 ET]
Table 'Zelia III' 9-max Seat #7 is the button
Seat 1: DonoBono10 ($1.68 in chips) 
Seat 2: Dorex2007 ($4.83 in chips) 
Seat 3: INTIMIDATOR69 ($1.52 in chips) 
Seat 4: Dartam09 ($2.08 in chips) 
Seat 5: noborin ($8.14 in chips) 
Seat 6: firouze x ($1.01 in chips) 
Seat 7: Gabilanpio ($2.70 in chips) 
Seat 8: HuJwang ($1.29 in chips) 
Seat 9: deileon ($1.98 in chips) 
HuJwang: posts small blind $0.01
deileon: posts big blind $0.02
*** HOLE CARDS ***
Dealt to Dorex2007 [Js 5s]
DonoBono10: folds 
Dorex2007: folds 
INTIMIDATOR69: calls $0.02
Dartam09: folds 
noborin: calls $0.02
firouze x: folds 
Gabilanpio: calls $0.02
HuJwang: folds 
deileon: checks 
*** FLOP *** [3h Jh 5c]
deileon: checks 
INTIMIDATOR69: checks 
noborin: checks 
Gabilanpio: checks 
*** TURN *** [3h Jh 5c] [4c]
deileon: checks 
INTIMIDATOR69: checks 
noborin: checks 
Gabilanpio: checks 
*** RIVER *** [3h Jh 5c 4c] [7d]
deileon: checks 
INTIMIDATOR69: checks 
noborin: checks 
Gabilanpio: checks 
*** SHOW DOWN ***
deileon: shows [Kd 9d] (high card King)
INTIMIDATOR69: shows [8d 5d] (a pair of Fives)
noborin: mucks hand 
Gabilanpio: shows [7c 9c] (a pair of Sevens)
Gabilanpio collected $0.09 from pot
*** SUMMARY ***
Total pot $0.09 | Rake $0 
Board [3h Jh 5c 4c 7d]
Seat 1: DonoBono10 folded before Flop (didn't bet)
Seat 2: Dorex2007 folded before Flop (didn't bet)
Seat 3: INTIMIDATOR69 showed [8d 5d] and lost with a pair of Fives
Seat 4: Dartam09 folded before Flop (didn't bet)
Seat 5: noborin mucked [Td Qd]
Seat 6: firouze x folded before Flop (didn't bet)
Seat 7: Gabilanpio (button) showed [7c 9c] and won ($0.09) with a pair of Sevens
Seat 8: HuJwang (small blind) folded before Flop
Seat 9: deileon (big blind) showed [Kd 9d] and lost with high card King



PokerStars Hand #237127693313:  Hold'em No Limit ($0.01/$0.02 USD) - 2022/07/02 20:09:18 PT [2022/07/02 23:09:18 ET]
Table 'Zelia III' 9-max Seat #8 is the button
Seat 1: DonoBono10 ($1.68 in chips) 
Seat 2: Dorex2007 ($4.83 in chips) 
Seat 3: INTIMIDATOR69 ($1.50 in chips) 
Seat 4: Dartam09 ($2.08 in chips) 
Seat 5: noborin ($8.12 in chips) 
Seat 6: firouze x ($1.01 in chips) 
Seat 7: Gabilanpio ($2.77 in chips) 
Seat 8: HuJwang ($1.28 in chips) 
Seat 9: deileon ($1.96 in chips) 
deileon: posts small blind $0.01
DonoBono10: posts big blind $0.02
*** HOLE CARDS ***
Dealt to Dorex2007 [2c 3c]
Dorex2007: folds 
INTIMIDATOR69: folds 
Dartam09: folds 
noborin: folds 
firouze x: folds 
Gabilanpio: calls $0.02
HuJwang: folds 
deileon: calls $0.01
DonoBono10: checks 
*** FLOP *** [4c Kh 4s]
deileon: checks 
DonoBono10: bets $0.02
Gabilanpio: folds 
deileon: calls $0.02
*** TURN *** [4c Kh 4s] [8c]
firouze x leaves the table
deileon: bets $0.05
DonoBono10: calls $0.05
*** RIVER *** [4c Kh 4s 8c] [9d]
deileon: bets $0.06
DonoBono10: folds 
Uncalled bet ($0.06) returned to deileon
deileon collected $0.19 from pot
*** SUMMARY ***
Total pot $0.20 | Rake $0.01 
Board [4c Kh 4s 8c 9d]
Seat 1: DonoBono10 (big blind) folded on the River
Seat 2: Dorex2007 folded before Flop (didn't bet)
Seat 3: INTIMIDATOR69 folded before Flop (didn't bet)
Seat 4: Dartam09 folded before Flop (didn't bet)
Seat 5: noborin folded before Flop (didn't bet)
Seat 6: firouze x folded before Flop (didn't bet)
Seat 7: Gabilanpio folded on the Flop
Seat 8: HuJwang (button) folded before Flop (didn't bet)
Seat 9: deileon (small blind) collected ($0.19)



PokerStars Hand #237127702903:  Hold'em No Limit ($0.01/$0.02 USD) - 2022/07/02 20:10:21 PT [2022/07/02 23:10:21 ET]
Table 'Zelia III' 9-max Seat #9 is the button
Seat 1: DonoBono10 ($1.59 in chips) 
Seat 2: Dorex2007 ($4.83 in chips) 
Seat 3: INTIMIDATOR69 ($1.50 in chips) 
Seat 4: Dartam09 ($2.08 in chips) 
Seat 5: noborin ($8.12 in chips) 
Seat 7: Gabilanpio ($2.75 in chips) 
Seat 8: HuJwang ($1.28 in chips) 
Seat 9: deileon ($2.06 in chips) 
DonoBono10: posts small blind $0.01
Dorex2007: posts big blind $0.02
*** HOLE CARDS ***
Dealt to Dorex2007 [9d Qc]
Herfab77 joins the table at seat #6 
INTIMIDATOR69 has timed out
INTIMIDATOR69: folds 
Dartam09: raises $0.04 to $0.06
noborin: folds 
Gabilanpio: folds 
HuJwang: folds 
deileon: folds 
DonoBono10: folds 
Dorex2007: folds 
Uncalled bet ($0.04) returned to Dartam09
Dartam09 collected $0.05 from pot
*** SUMMARY ***
Total pot $0.05 | Rake $0 
Seat 1: DonoBono10 (small blind) folded before Flop
Seat 2: Dorex2007 (big blind) folded before Flop
Seat 3: INTIMIDATOR69 folded before Flop (didn't bet)
Seat 4: Dartam09 collected ($0.05)
Seat 5: noborin folded before Flop (didn't bet)
Seat 7: Gabilanpio folded before Flop (didn't bet)
Seat 8: HuJwang folded before Flop (didn't bet)
Seat 9: deileon (button) folded before Flop (didn't bet)



PokerStars Hand #237127707573:  Hold'em No Limit ($0.01/$0.02 USD) - 2022/07/02 20:10:52 PT [2022/07/02 23:10:52 ET]
Table 'Zelia III' 9-max Seat #1 is the button
Seat 1: DonoBono10 ($1.58 in chips) 
Seat 2: Dorex2007 ($4.81 in chips) 
Seat 3: INTIMIDATOR69 ($1.50 in chips) 
Seat 4: Dartam09 ($2.11 in chips) 
Seat 5: noborin ($8.12 in chips) 
Seat 7: Gabilanpio ($2.75 in chips) 
Seat 8: HuJwang ($1.28 in chips) 
Seat 9: deileon ($2.06 in chips) 
Dorex2007: posts small blind $0.01
INTIMIDATOR69: posts big blind $0.02
Herfab77: sits out 
*** HOLE CARDS ***
Dealt to Dorex2007 [8h 8d]
Dartam09: raises $0.04 to $0.06
noborin: calls $0.06
Gabilanpio: folds 
HuJwang: folds 
deileon: folds 
DonoBono10: calls $0.06
Dorex2007: calls $0.05
INTIMIDATOR69: folds 
*** FLOP *** [Th 9d Ks]
Dorex2007: checks 
Dartam09: bets $0.12
noborin: calls $0.12
DonoBono10: folds 
Dorex2007: folds 
*** TURN *** [Th 9d Ks] [5c]
Dartam09: bets $0.24
noborin: folds 
Uncalled bet ($0.24) returned to Dartam09
Dartam09 collected $0.48 from pot
*** SUMMARY ***
Total pot $0.50 | Rake $0.02 
Board [Th 9d Ks 5c]
Seat 1: DonoBono10 (button) folded on the Flop
Seat 2: Dorex2007 (small blind) folded on the Flop
Seat 3: INTIMIDATOR69 (big blind) folded before Flop
Seat 4: Dartam09 collected ($0.48)
Seat 5: noborin folded on the Turn
Seat 7: Gabilanpio folded before Flop (didn't bet)
Seat 8: HuJwang folded before Flop (didn't bet)
Seat 9: deileon folded before Flop (didn't bet)



PokerStars Hand #237127714098:  Hold'em No Limit ($0.01/$0.02 USD) - 2022/07/02 20:11:35 PT [2022/07/02 23:11:35 ET]
Table 'Zelia III' 9-max Seat #2 is the button
Seat 1: DonoBono10 ($1.52 in chips) 
Seat 2: Dorex2007 ($4.75 in chips) 
Seat 3: INTIMIDATOR69 ($1.48 in chips) 
Seat 4: Dartam09 ($2.41 in chips) 
Seat 5: noborin ($7.94 in chips) 
Seat 7: Gabilanpio ($2.75 in chips) 
Seat 8: HuJwang ($1.28 in chips) 
Seat 9: deileon ($2.06 in chips) 
INTIMIDATOR69: posts small blind $0.01
Dartam09: posts big blind $0.02
Herfab77: sits out 
*** HOLE CARDS ***
Dealt to Dorex2007 [Jh Qd]
noborin: folds 
Gabilanpio: raises $0.04 to $0.06
HuJwang: calls $0.06
deileon: folds 
DonoBono10: folds 
Dorex2007: calls $0.06
INTIMIDATOR69: folds 
Dartam09: calls $0.04
*** FLOP *** [6d 8h 6c]
Dartam09: bets $0.12
Gabilanpio: folds 
HuJwang: calls $0.12
Dorex2007: folds 
*** TURN *** [6d 8h 6c] [3s]
Dartam09: bets $0.23
HuJwang: calls $0.23
*** RIVER *** [6d 8h 6c 3s] [Ts]
Dartam09: bets $0.46
HuJwang: raises $0.41 to $0.87 and is all-in
Dartam09: calls $0.41
*** SHOW DOWN ***
HuJwang: shows [Th Td] (a full house, Tens full of Sixes)
Dartam09: shows [5d 6h] (three of a kind, Sixes)
HuJwang collected $2.60 from pot
*** SUMMARY ***
Total pot $2.69 | Rake $0.09 
Board [6d 8h 6c 3s Ts]
Seat 1: DonoBono10 folded before Flop (didn't bet)
Seat 2: Dorex2007 (button) folded on the Flop
Seat 3: INTIMIDATOR69 (small blind) folded before Flop
Seat 4: Dartam09 (big blind) showed [5d 6h] and lost with three of a kind, Sixes
Seat 5: noborin folded before Flop (didn't bet)
Seat 7: Gabilanpio folded on the Flop
Seat 8: HuJwang showed [Th Td] and won ($2.60) with a full house, Tens full of Sixes
Seat 9: deileon folded before Flop (didn't bet)



PokerStars Hand #237127724541:  Hold'em No Limit ($0.01/$0.02 USD) - 2022/07/02 20:12:42 PT [2022/07/02 23:12:42 ET]
Table 'Zelia III' 9-max Seat #3 is the button
Seat 1: DonoBono10 ($1.52 in chips) 
Seat 2: Dorex2007 ($4.69 in chips) 
Seat 3: INTIMIDATOR69 ($1.47 in chips) 
Seat 4: Dartam09 ($1.13 in chips) 
Seat 5: noborin ($7.94 in chips) 
Seat 7: Gabilanpio ($2.69 in chips) 
Seat 8: HuJwang ($2.60 in chips) 
Seat 9: deileon ($2.06 in chips) 
Dartam09: posts small blind $0.01
noborin: posts big blind $0.02
Herfab77: sits out 
*** HOLE CARDS ***
Dealt to Dorex2007 [Tc Ah]
Gabilanpio: raises $0.04 to $0.06
HuJwang: folds 
deileon: folds 
DonoBono10: folds 
Dorex2007: folds 
INTIMIDATOR69: folds 
Dartam09: calls $0.05
noborin: folds 
*** FLOP *** [9d 8h 9s]
Dartam09: bets $0.14
Gabilanpio: folds 
Uncalled bet ($0.14) returned to Dartam09
Dartam09 collected $0.14 from pot
*** SUMMARY ***
Total pot $0.14 | Rake $0 
Board [9d 8h 9s]
Seat 1: DonoBono10 folded before Flop (didn't bet)
Seat 2: Dorex2007 folded before Flop (didn't bet)
Seat 3: INTIMIDATOR69 (button) folded before Flop (didn't bet)
Seat 4: Dartam09 (small blind) collected ($0.14)
Seat 5: noborin (big blind) folded before Flop
Seat 7: Gabilanpio folded on the Flop
Seat 8: HuJwang folded before Flop (didn't bet)
Seat 9: deileon folded before Flop (didn't bet)



PokerStars Hand #237127729773:  Hold'em No Limit ($0.01/$0.02 USD) - 2022/07/02 20:13:17 PT [2022/07/02 23:13:17 ET]
Table 'Zelia III' 9-max Seat #4 is the button
Seat 1: DonoBono10 ($1.52 in chips) 
Seat 2: Dorex2007 ($4.69 in chips) 
Seat 3: INTIMIDATOR69 ($1.47 in chips) 
Seat 4: Dartam09 ($1.21 in chips) 
Seat 5: noborin ($7.92 in chips) 
Seat 6: Herfab77 ($2 in chips) 
Seat 7: Gabilanpio ($2.63 in chips) 
Seat 8: HuJwang ($2.60 in chips) 
Seat 9: deileon ($2.06 in chips) 
noborin: posts small blind $0.01
Herfab77: posts big blind $0.02
*** HOLE CARDS ***
Dealt to Dorex2007 [9s Qc]
Gabilanpio: raises $0.04 to $0.06
HuJwang: folds 
deileon: folds 
DonoBono10: folds 
Dorex2007: folds 
INTIMIDATOR69: folds 
Dartam09: folds 
noborin: folds 
Herfab77: calls $0.04
*** FLOP *** [2s 8d Kh]
Herfab77: checks 
Gabilanpio: bets $0.06
Herfab77: calls $0.06
*** TURN *** [2s 8d Kh] [5h]
Herfab77: checks 
Gabilanpio: bets $0.06
Herfab77: calls $0.06
*** RIVER *** [2s 8d Kh 5h] [Jc]
Herfab77: checks 
Gabilanpio: checks 
*** SHOW DOWN ***
Herfab77: shows [2d Ad] (a pair of Deuces)
Gabilanpio: shows [7s 7d] (a pair of Sevens)
Gabilanpio collected $0.36 from pot
*** SUMMARY ***
Total pot $0.37 | Rake $0.01 
Board [2s 8d Kh 5h Jc]
Seat 1: DonoBono10 folded before Flop (didn't bet)
Seat 2: Dorex2007 folded before Flop (didn't bet)
Seat 3: INTIMIDATOR69 folded before Flop (didn't bet)
Seat 4: Dartam09 (button) folded before Flop (didn't bet)
Seat 5: noborin (small blind) folded before Flop
Seat 6: Herfab77 (big blind) showed [2d Ad] and lost with a pair of Deuces
Seat 7: Gabilanpio showed [7s 7d] and won ($0.36) with a pair of Sevens
Seat 8: HuJwang folded before Flop (didn't bet)
Seat 9: deileon folded before Flop (didn't bet)



PokerStars Hand #237127735620:  Hold'em No Limit ($0.01/$0.02 USD) - 2022/07/02 20:13:55 PT [2022/07/02 23:13:55 ET]
Table 'Zelia III' 9-max Seat #5 is the button
Seat 1: DonoBono10 ($1.52 in chips) 
Seat 2: Dorex2007 ($4.69 in chips) 
Seat 3: INTIMIDATOR69 ($1.47 in chips) 
Seat 4: Dartam09 ($1.21 in chips) 
Seat 5: noborin ($7.91 in chips) 
Seat 6: Herfab77 ($1.82 in chips) 
Seat 7: Gabilanpio ($2.81 in chips) 
Seat 8: HuJwang ($2.60 in chips) 
Seat 9: deileon ($2.06 in chips) 
Herfab77: posts small blind $0.01
Gabilanpio: posts big blind $0.02
*** HOLE CARDS ***
Dealt to Dorex2007 [Js 6h]
HuJwang: folds 
deileon: folds 
DonoBono10: folds 
Dorex2007: folds 
INTIMIDATOR69: calls $0.02
Dartam09: calls $0.02
noborin: calls $0.02
Herfab77: folds 
Gabilanpio: checks 
*** FLOP *** [9d Qh 9c]
Gabilanpio: checks 
INTIMIDATOR69: bets $0.09
Dartam09: folds 
noborin: calls $0.09
Gabilanpio: folds 
*** TURN *** [9d Qh 9c] [8c]
INTIMIDATOR69: bets $0.26
noborin: folds 
Uncalled bet ($0.26) returned to INTIMIDATOR69
INTIMIDATOR69 collected $0.26 from pot
*** SUMMARY ***
Total pot $0.27 | Rake $0.01 
Board [9d Qh 9c 8c]
Seat 1: DonoBono10 folded before Flop (didn't bet)
Seat 2: Dorex2007 folded before Flop (didn't bet)
Seat 3: INTIMIDATOR69 collected ($0.26)
Seat 4: Dartam09 folded on the Flop
Seat 5: noborin (button) folded on the Turn
Seat 6: Herfab77 (small blind) folded before Flop
Seat 7: Gabilanpio (big blind) folded on the Flop
Seat 8: HuJwang folded before Flop (didn't bet)
Seat 9: deileon folded before Flop (didn't bet)



PokerStars Hand #237127742227:  Hold'em No Limit ($0.01/$0.02 USD) - 2022/07/02 20:14:38 PT [2022/07/02 23:14:38 ET]
Table 'Zelia III' 9-max Seat #7 is the button
Seat 1: DonoBono10 ($1.52 in chips) 
Seat 2: Dorex2007 ($4.69 in chips) 
Seat 3: INTIMIDATOR69 ($1.62 in chips) 
Seat 4: Dartam09 ($1.19 in chips) 
Seat 5: noborin ($7.80 in chips) 
Seat 7: Gabilanpio ($2.79 in chips) 
Seat 8: HuJwang ($2.60 in chips) 
Seat 9: deileon ($2.06 in chips) 
HuJwang: posts small blind $0.01
deileon: posts big blind $0.02
*** HOLE CARDS ***
Dealt to Dorex2007 [7h 6c]
DonoBono10 has timed out
DonoBono10: folds 
Dorex2007: folds 
INTIMIDATOR69: calls $0.02
Dartam09: folds 
noborin: calls $0.02
Gabilanpio: folds 
HuJwang: calls $0.01
deileon: checks 
*** FLOP *** [Kh 2d 8s]
HuJwang: checks 
deileon: checks 
INTIMIDATOR69: bets $0.08
noborin: folds 
HuJwang: folds 
deileon: folds 
Uncalled bet ($0.08) returned to INTIMIDATOR69
INTIMIDATOR69 collected $0.08 from pot
*** SUMMARY ***
Total pot $0.08 | Rake $0 
Board [Kh 2d 8s]
Seat 1: DonoBono10 folded before Flop (didn't bet)
Seat 2: Dorex2007 folded before Flop (didn't bet)
Seat 3: INTIMIDATOR69 collected ($0.08)
Seat 4: Dartam09 folded before Flop (didn't bet)
Seat 5: noborin folded on the Flop
Seat 7: Gabilanpio (button) folded before Flop (didn't bet)
Seat 8: HuJwang (small blind) folded on the Flop
Seat 9: deileon (big blind) folded on the Flop



PokerStars Hand #237127749027:  Hold'em No Limit ($0.01/$0.02 USD) - 2022/07/02 20:15:22 PT [2022/07/02 23:15:22 ET]
Table 'Zelia III' 9-max Seat #8 is the button
Seat 1: DonoBono10 ($1.52 in chips) 
Seat 2: Dorex2007 ($4.69 in chips) 
Seat 3: INTIMIDATOR69 ($1.68 in chips) 
Seat 4: Dartam09 ($1.19 in chips) 
Seat 5: noborin ($7.78 in chips) 
Seat 6: Herfab77 ($1.81 in chips) 
Seat 7: Gabilanpio ($2.79 in chips) 
Seat 8: HuJwang ($2.58 in chips) 
Seat 9: deileon ($2.04 in chips) 
deileon: posts small blind $0.01
DonoBono10: posts big blind $0.02
*** HOLE CARDS ***
Dealt to Dorex2007 [3d 7s]
Dorex2007: folds 
INTIMIDATOR69: folds 
Dartam09: folds 
noborin: raises $0.02 to $0.04
Herfab77: folds 
Gabilanpio: calls $0.04
HuJwang: calls $0.04
deileon: folds 
DonoBono10: raises $0.02 to $0.06
noborin: calls $0.02
Gabilanpio: calls $0.02
HuJwang: calls $0.02
*** FLOP *** [Td 2s 8d]
DonoBono10 has timed out
DonoBono10: checks 
noborin: checks 
Gabilanpio: checks 
HuJwang: checks 
*** TURN *** [Td 2s 8d] [Js]
DonoBono10 has timed out
DonoBono10: checks 
noborin: bets $0.08
Gabilanpio: folds 
HuJwang: folds 
DonoBono10: calls $0.08
*** RIVER *** [Td 2s 8d Js] [9d]
DonoBono10: bets $0.30
noborin: calls $0.30
*** SHOW DOWN ***
DonoBono10: shows [Jc Qc] (a straight, Eight to Queen)
noborin: mucks hand 
DonoBono10 collected $0.96 from pot
*** SUMMARY ***
Total pot $1.01 | Rake $0.05 
Board [Td 2s 8d Js 9d]
Seat 1: DonoBono10 (big blind) showed [Jc Qc] and won ($0.96) with a straight, Eight to Queen
Seat 2: Dorex2007 folded before Flop (didn't bet)
Seat 3: INTIMIDATOR69 folded before Flop (didn't bet)
Seat 4: Dartam09 folded before Flop (didn't bet)
Seat 5: noborin mucked [Ts Kd]
Seat 6: Herfab77 folded before Flop (didn't bet)
Seat 7: Gabilanpio folded on the Turn
Seat 8: HuJwang (button) folded on the Turn
Seat 9: deileon (small blind) folded before Flop



PokerStars Hand #237127765972:  Hold'em No Limit ($0.01/$0.02 USD) - 2022/07/02 20:16:59 PT [2022/07/02 23:16:59 ET]
Table 'Zelia III' 9-max Seat #9 is the button
Seat 1: DonoBono10 ($2.04 in chips) 
Seat 2: Dorex2007 ($4.69 in chips) 
Seat 3: INTIMIDATOR69 ($1.68 in chips) 
Seat 4: Dartam09 ($1.19 in chips) 
Seat 5: noborin ($7.34 in chips) 
Seat 6: Herfab77 ($1.81 in chips) 
Seat 7: Gabilanpio ($2.73 in chips) 
Seat 8: HuJwang ($2.52 in chips) 
Seat 9: deileon ($2.03 in chips) 
DonoBono10: posts small blind $0.01
Dorex2007: posts big blind $0.02
*** HOLE CARDS ***
Dealt to Dorex2007 [Jd 7d]
INTIMIDATOR69: folds 
Dartam09: calls $0.02
noborin: calls $0.02
Herfab77: folds 
Gabilanpio: raises $0.04 to $0.06
HuJwang: folds 
deileon: calls $0.06
DonoBono10: calls $0.05
Dorex2007: calls $0.04
Dartam09: calls $0.04
noborin: calls $0.04
*** FLOP *** [Qd 8h 9c]
DonoBono10: checks 
Dorex2007: checks 
Dartam09: bets $0.17
noborin: calls $0.17
Gabilanpio: calls $0.17
deileon: folds 
DonoBono10: folds 
Dorex2007: folds 
*** TURN *** [Qd 8h 9c] [Jc]
Dartam09: checks 
noborin: bets $0.20
Gabilanpio: calls $0.20
Dartam09: folds 
*** RIVER *** [Qd 8h 9c Jc] [3c]
noborin: checks 
Gabilanpio: bets $2.30 and is all-in
noborin: folds 
Uncalled bet ($2.30) returned to Gabilanpio
Gabilanpio collected $1.23 from pot
*** SUMMARY ***
Total pot $1.27 | Rake $0.04 
Board [Qd 8h 9c Jc 3c]
Seat 1: DonoBono10 (small blind) folded on the Flop
Seat 2: Dorex2007 (big blind) folded on the Flop
Seat 3: INTIMIDATOR69 folded before Flop (didn't bet)
Seat 4: Dartam09 folded on the Turn
Seat 5: noborin folded on the River
Seat 6: Herfab77 folded before Flop (didn't bet)
Seat 7: Gabilanpio collected ($1.23)
Seat 8: HuJwang folded before Flop (didn't bet)
Seat 9: deileon (button) folded on the Flop



PokerStars Hand #237127782138:  Hold'em No Limit ($0.01/$0.02 USD) - 2022/07/02 20:18:43 PT [2022/07/02 23:18:43 ET]
Table 'Zelia III' 9-max Seat #1 is the button
Seat 1: DonoBono10 ($1.98 in chips) 
Seat 2: Dorex2007 ($4.63 in chips) 
Seat 3: INTIMIDATOR69 ($1.68 in chips) 
Seat 4: Dartam09 ($0.96 in chips) 
Seat 5: noborin ($6.91 in chips) 
Seat 6: Herfab77 ($1.81 in chips) 
Seat 7: Gabilanpio ($3.53 in chips) 
Seat 8: HuJwang ($2.52 in chips) 
Seat 9: deileon ($1.97 in chips) 
Dorex2007: posts small blind $0.01
INTIMIDATOR69: posts big blind $0.02
*** HOLE CARDS ***
Dealt to Dorex2007 [Jd Ad]
Dartam09: raises $0.04 to $0.06
noborin: folds 
Herfab77: folds 
Gabilanpio: calls $0.06
HuJwang: calls $0.06
deileon: folds 
DonoBono10: folds 
Dorex2007: calls $0.05
INTIMIDATOR69: folds 
*** FLOP *** [4s Kd 9s]
Dorex2007: checks 
Dartam09: bets $0.25
Gabilanpio: folds 
HuJwang: folds 
Dorex2007: folds 
Uncalled bet ($0.25) returned to Dartam09
Dartam09 collected $0.25 from pot
*** SUMMARY ***
Total pot $0.26 | Rake $0.01 
Board [4s Kd 9s]
Seat 1: DonoBono10 (button) folded before Flop (didn't bet)
Seat 2: Dorex2007 (small blind) folded on the Flop
Seat 3: INTIMIDATOR69 (big blind) folded before Flop
Seat 4: Dartam09 collected ($0.25)
Seat 5: noborin folded before Flop (didn't bet)
Seat 6: Herfab77 folded before Flop (didn't bet)
Seat 7: Gabilanpio folded on the Flop
Seat 8: HuJwang folded on the Flop
Seat 9: deileon folded before Flop (didn't bet)



PokerStars Hand #237127788715:  Hold'em No Limit ($0.01/$0.02 USD) - 2022/07/02 20:19:26 PT [2022/07/02 23:19:26 ET]
Table 'Zelia III' 9-max Seat #2 is the button
Seat 1: DonoBono10 ($1.98 in chips) 
Seat 2: Dorex2007 ($4.57 in chips) 
Seat 3: INTIMIDATOR69 ($1.66 in chips) 
Seat 4: Dartam09 ($1.15 in chips) 
Seat 5: noborin ($6.91 in chips) 
Seat 6: Herfab77 ($1.81 in chips) 
Seat 7: Gabilanpio ($3.47 in chips) 
Seat 8: HuJwang ($2.46 in chips) 
Seat 9: deileon ($1.97 in chips) 
INTIMIDATOR69: posts small blind $0.01
Dartam09: posts big blind $0.02
*** HOLE CARDS ***
Dealt to Dorex2007 [8s 3d]
noborin: calls $0.02
Herfab77: folds 
Gabilanpio: folds 
HuJwang: folds 
deileon: folds 
DonoBono10: raises $0.06 to $0.08
Dorex2007: folds 
INTIMIDATOR69: folds 
Dartam09: folds 
noborin: calls $0.06
*** FLOP *** [7c 6h 4c]
noborin: checks 
DonoBono10: checks 
*** TURN *** [7c 6h 4c] [8h]
noborin: bets $0.18
DonoBono10: folds 
Uncalled bet ($0.18) returned to noborin
noborin collected $0.18 from pot
*** SUMMARY ***
Total pot $0.19 | Rake $0.01 
Board [7c 6h 4c 8h]
Seat 1: DonoBono10 folded on the Turn
Seat 2: Dorex2007 (button) folded before Flop (didn't bet)
Seat 3: INTIMIDATOR69 (small blind) folded before Flop
Seat 4: Dartam09 (big blind) folded before Flop
Seat 5: noborin collected ($0.18)
Seat 6: Herfab77 folded before Flop (didn't bet)
Seat 7: Gabilanpio folded before Flop (didn't bet)
Seat 8: HuJwang folded before Flop (didn't bet)
Seat 9: deileon folded before Flop (didn't bet)



PokerStars Hand #237127794849:  Hold'em No Limit ($0.01/$0.02 USD) - 2022/07/02 20:20:06 PT [2022/07/02 23:20:06 ET]
Table 'Zelia III' 9-max Seat #3 is the button
Seat 1: DonoBono10 ($1.90 in chips) 
Seat 2: Dorex2007 ($4.57 in chips) 
Seat 3: INTIMIDATOR69 ($1.65 in chips) 
Seat 4: Dartam09 ($1.13 in chips) 
Seat 5: noborin ($7.01 in chips) 
Seat 6: Herfab77 ($1.81 in chips) 
Seat 7: Gabilanpio ($3.47 in chips) 
Seat 8: HuJwang ($2.46 in chips) 
Seat 9: deileon ($1.97 in chips) 
Dartam09: posts small blind $0.01
noborin: posts big blind $0.02
*** HOLE CARDS ***
Dealt to Dorex2007 [4h Js]
Herfab77: calls $0.02
Gabilanpio: folds 
HuJwang: folds 
deileon: folds 
DonoBono10: folds 
Dorex2007: folds 
INTIMIDATOR69: folds 
Dartam09: calls $0.01
noborin: checks 
*** FLOP *** [Jc 6s 7h]
Dartam09: bets $0.03
noborin: folds 
Herfab77: calls $0.03
*** TURN *** [Jc 6s 7h] [Kh]
Dartam09: bets $0.06
Herfab77: calls $0.06
*** RIVER *** [Jc 6s 7h Kh] [5h]
Dartam09: bets $0.11
Herfab77: folds 
Uncalled bet ($0.11) returned to Dartam09
Dartam09 collected $0.23 from pot
*** SUMMARY ***
Total pot $0.24 | Rake $0.01 
Board [Jc 6s 7h Kh 5h]
Seat 1: DonoBono10 folded before Flop (didn't bet)
Seat 2: Dorex2007 folded before Flop (didn't bet)
Seat 3: INTIMIDATOR69 (button) folded before Flop (didn't bet)
Seat 4: Dartam09 (small blind) collected ($0.23)
Seat 5: noborin (big blind) folded on the Flop
Seat 6: Herfab77 folded on the River
Seat 7: Gabilanpio folded before Flop (didn't bet)
Seat 8: HuJwang folded before Flop (didn't bet)
Seat 9: deileon folded before Flop (didn't bet)



PokerStars Hand #237127802016:  Hold'em No Limit ($0.01/$0.02 USD) - 2022/07/02 20:20:53 PT [2022/07/02 23:20:53 ET]
Table 'Zelia III' 9-max Seat #4 is the button
Seat 1: DonoBono10 ($1.90 in chips) 
Seat 2: Dorex2007 ($4.57 in chips) 
Seat 3: INTIMIDATOR69 ($1.65 in chips) 
Seat 4: Dartam09 ($1.25 in chips) 
Seat 5: noborin ($6.99 in chips) 
Seat 6: Herfab77 ($1.70 in chips) 
Seat 7: Gabilanpio ($3.47 in chips) 
Seat 8: HuJwang ($2.46 in chips) 
Seat 9: deileon ($1.97 in chips) 
noborin: posts small blind $0.01
Herfab77: posts big blind $0.02
*** HOLE CARDS ***
Dealt to Dorex2007 [4s Tc]
Gabilanpio: calls $0.02
HuJwang: folds 
deileon: folds 
DonoBono10: folds 
Dorex2007: folds 
INTIMIDATOR69: folds 
Dartam09: folds 
noborin: calls $0.01
Herfab77: checks 
*** FLOP *** [4c 3c 7h]
noborin: checks 
Herfab77: checks 
Gabilanpio: checks 
*** TURN *** [4c 3c 7h] [6h]
noborin: bets $0.03
Herfab77: calls $0.03
Gabilanpio: folds 
*** RIVER *** [4c 3c 7h 6h] [9c]
Gabilanpio leaves the table
noborin: bets $0.12
Herfab77: calls $0.12
*** SHOW DOWN ***
noborin: shows [9s 4h] (two pair, Nines and Fours)
Herfab77: mucks hand 
noborin collected $0.35 from pot
*** SUMMARY ***
Total pot $0.36 | Rake $0.01 
Board [4c 3c 7h 6h 9c]
Seat 1: DonoBono10 folded before Flop (didn't bet)
Seat 2: Dorex2007 folded before Flop (didn't bet)
Seat 3: INTIMIDATOR69 folded before Flop (didn't bet)
Seat 4: Dartam09 (button) folded before Flop (didn't bet)
Seat 5: noborin (small blind) showed [9s 4h] and won ($0.35) with two pair, Nines and Fours
Seat 6: Herfab77 (big blind) mucked [7c Ah]
Seat 7: Gabilanpio folded on the Turn
Seat 8: HuJwang folded before Flop (didn't bet)
Seat 9: deileon folded before Flop (didn't bet)



PokerStars Hand #237127810609:  Hold'em No Limit ($0.01/$0.02 USD) - 2022/07/02 20:21:42 PT [2022/07/02 23:21:42 ET]
Table 'Zelia III' 9-max Seat #5 is the button
Seat 1: DonoBono10 ($1.90 in chips) 
Seat 2: Dorex2007 ($4.57 in chips) 
Seat 3: INTIMIDATOR69 ($1.65 in chips) 
Seat 4: Dartam09 ($1.25 in chips) 
Seat 5: noborin ($7.17 in chips) 
Seat 6: Herfab77 ($1.53 in chips) 
Seat 8: HuJwang ($2.46 in chips) 
Seat 9: deileon ($1.97 in chips) 
Herfab77: posts small blind $0.01
HuJwang: posts big blind $0.02
*** HOLE CARDS ***
Dealt to Dorex2007 [2h Kh]
deileon: folds 
DonoBono10: folds 
Dorex2007: calls $0.02
INTIMIDATOR69: folds 
Dartam09: calls $0.02
noborin: raises $0.03 to $0.05
Herfab77: folds 
HuJwang: folds 
Dorex2007: calls $0.03
Dartam09: calls $0.03
*** FLOP *** [8d 8h Ah]
Dorex2007: bets $0.08
Dartam09: raises $0.17 to $0.25
noborin: calls $0.25
Dorex2007: calls $0.17
*** TURN *** [8d 8h Ah] [Ad]
Dorex2007: checks 
Dartam09: bets $0.95 and is all-in
noborin: folds 
Dorex2007: folds 
Uncalled bet ($0.95) returned to Dartam09
Dartam09 collected $0.90 from pot
*** SUMMARY ***
Total pot $0.93 | Rake $0.03 
Board [8d 8h Ah Ad]
Seat 1: DonoBono10 folded before Flop (didn't bet)
Seat 2: Dorex2007 folded on the Turn
Seat 3: INTIMIDATOR69 folded before Flop (didn't bet)
Seat 4: Dartam09 collected ($0.90)
Seat 5: noborin (button) folded on the Turn
Seat 6: Herfab77 (small blind) folded before Flop
Seat 8: HuJwang (big blind) folded before Flop
Seat 9: deileon folded before Flop (didn't bet)



PokerStars Hand #237127826191:  Hold'em No Limit ($0.01/$0.02 USD) - 2022/07/02 20:23:11 PT [2022/07/02 23:23:11 ET]
Table 'Zelia III' 9-max Seat #6 is the button
Seat 1: DonoBono10 ($1.90 in chips) 
Seat 2: Dorex2007 ($4.27 in chips) 
Seat 3: INTIMIDATOR69 ($1.65 in chips) 
Seat 4: Dartam09 ($1.85 in chips) 
Seat 5: noborin ($6.87 in chips) 
Seat 6: Herfab77 ($1.52 in chips) 
Seat 8: HuJwang ($2.44 in chips) 
Seat 9: deileon ($1.97 in chips) 
HuJwang: posts small blind $0.01
deileon: posts big blind $0.02
*** HOLE CARDS ***
Dealt to Dorex2007 [4c 7s]
DonoBono10: raises $0.04 to $0.06
Dorex2007: folds 
INTIMIDATOR69: folds 
Dartam09: calls $0.06
noborin: folds 
Herfab77: folds 
HuJwang: folds 
deileon: folds 
*** FLOP *** [Td 9s 5c]
DonoBono10: bets $0.04
Dartam09: calls $0.04
*** TURN *** [Td 9s 5c] [2d]
DonoBono10: checks 
Dartam09: bets $0.11
DonoBono10: folds 
Uncalled bet ($0.11) returned to Dartam09
Dartam09 collected $0.22 from pot
*** SUMMARY ***
Total pot $0.23 | Rake $0.01 
Board [Td 9s 5c 2d]
Seat 1: DonoBono10 folded on the Turn
Seat 2: Dorex2007 folded before Flop (didn't bet)
Seat 3: INTIMIDATOR69 folded before Flop (didn't bet)
Seat 4: Dartam09 collected ($0.22)
Seat 5: noborin folded before Flop (didn't bet)
Seat 6: Herfab77 (button) folded before Flop (didn't bet)
Seat 8: HuJwang (small blind) folded before Flop
Seat 9: deileon (big blind) folded before Flop



PokerStars Hand #237127835569:  Hold'em No Limit ($0.01/$0.02 USD) - 2022/07/02 20:24:14 PT [2022/07/02 23:24:14 ET]
Table 'Zelia III' 9-max Seat #8 is the button
Seat 1: DonoBono10 ($1.80 in chips) 
Seat 2: Dorex2007 ($4.27 in chips) 
Seat 3: INTIMIDATOR69 ($1.65 in chips) 
Seat 4: Dartam09 ($1.97 in chips) 
Seat 5: noborin ($6.87 in chips) 
Seat 6: Herfab77 ($1.52 in chips) 
Seat 8: HuJwang ($2.43 in chips) 
Seat 9: deileon ($1.95 in chips) 
deileon: posts small blind $0.01
DonoBono10: posts big blind $0.02
*** HOLE CARDS ***
Dealt to Dorex2007 [6s Jh]
Dorex2007: folds 
INTIMIDATOR69: folds 
Dartam09: calls $0.02
noborin: folds 
Herfab77: calls $0.02
HuJwang: folds 
deileon: calls $0.01
DonoBono10: checks 
*** FLOP *** [8c Kh 3d]
deileon: checks 
vero2610 joins the table at seat #7 
DonoBono10: checks 
Dartam09: bets $0.04
Herfab77: calls $0.04
deileon: folds 
DonoBono10: folds 
*** TURN *** [8c Kh 3d] [2c]
Dartam09: bets $0.07
Herfab77: calls $0.07
*** RIVER *** [8c Kh 3d 2c] [6h]
Dartam09: bets $0.29
Herfab77: folds 
Uncalled bet ($0.29) returned to Dartam09
Dartam09 collected $0.29 from pot
*** SUMMARY ***
Total pot $0.30 | Rake $0.01 
Board [8c Kh 3d 2c 6h]
Seat 1: DonoBono10 (big blind) folded on the Flop
Seat 2: Dorex2007 folded before Flop (didn't bet)
Seat 3: INTIMIDATOR69 folded before Flop (didn't bet)
Seat 4: Dartam09 collected ($0.29)
Seat 5: noborin folded before Flop (didn't bet)
Seat 6: Herfab77 folded on the River
Seat 8: HuJwang (button) folded before Flop (didn't bet)
Seat 9: deileon (small blind) folded on the Flop



PokerStars Hand #237127852124:  Hold'em No Limit ($0.01/$0.02 USD) - 2022/07/02 20:26:03 PT [2022/07/02 23:26:03 ET]
Table 'Zelia III' 9-max Seat #9 is the button
Seat 1: DonoBono10 ($1.78 in chips) 
Seat 2: Dorex2007 ($4.27 in chips) 
Seat 3: INTIMIDATOR69 ($1.65 in chips) 
Seat 4: Dartam09 ($2.13 in chips) 
Seat 5: noborin ($6.87 in chips) 
Seat 6: Herfab77 ($1.39 in chips) 
Seat 7: vero2610 ($2 in chips) 
Seat 8: HuJwang ($2.43 in chips) 
Seat 9: deileon ($1.93 in chips) 
DonoBono10: posts small blind $0.01
Dorex2007: posts big blind $0.02
vero2610: posts big blind $0.02
*** HOLE CARDS ***
Dealt to Dorex2007 [Kh 4d]
INTIMIDATOR69: calls $0.02
Dartam09: folds 
noborin: calls $0.02
Herfab77: folds 
vero2610: checks 
HuJwang: calls $0.02
deileon: folds 
DonoBono10: folds 
Dorex2007: checks 
*** FLOP *** [Jd 5h Jc]
Dorex2007: checks 
INTIMIDATOR69: checks 
noborin: checks 
vero2610: checks 
HuJwang: checks 
*** TURN *** [Jd 5h Jc] [Qs]
Dorex2007: checks 
INTIMIDATOR69: bets $0.11
noborin: folds 
vero2610: folds 
HuJwang: folds 
Dorex2007: folds 
Uncalled bet ($0.11) returned to INTIMIDATOR69
INTIMIDATOR69 collected $0.11 from pot
*** SUMMARY ***
Total pot $0.11 | Rake $0 
Board [Jd 5h Jc Qs]
Seat 1: DonoBono10 (small blind) folded before Flop
Seat 2: Dorex2007 (big blind) folded on the Turn
Seat 3: INTIMIDATOR69 collected ($0.11)
Seat 4: Dartam09 folded before Flop (didn't bet)
Seat 5: noborin folded on the Turn
Seat 6: Herfab77 folded before Flop (didn't bet)
Seat 7: vero2610 folded on the Turn (didn't bet)
Seat 8: HuJwang folded on the Turn
Seat 9: deileon (button) folded before Flop (didn't bet)



PokerStars Hand #237127859811:  Hold'em No Limit ($0.01/$0.02 USD) - 2022/07/02 20:26:54 PT [2022/07/02 23:26:54 ET]
Table 'Zelia III' 9-max Seat #1 is the button
Seat 1: DonoBono10 ($1.77 in chips) 
Seat 2: Dorex2007 ($4.25 in chips) 
Seat 3: INTIMIDATOR69 ($1.74 in chips) 
Seat 4: Dartam09 ($2.13 in chips) 
Seat 5: noborin ($6.85 in chips) 
Seat 6: Herfab77 ($1.39 in chips) 
Seat 7: vero2610 ($1.98 in chips) 
Seat 8: HuJwang ($2.41 in chips) 
Seat 9: deileon ($1.93 in chips) 
Dorex2007: posts small blind $0.01
INTIMIDATOR69: posts big blind $0.02
*** HOLE CARDS ***
Dealt to Dorex2007 [4c 8h]
Dartam09: folds 
noborin: folds 
Herfab77: calls $0.02
noborin leaves the table
vero2610 has timed out
vero2610: folds 
HuJwang: folds 
deileon: folds 
DonoBono10: raises $0.06 to $0.08
Dorex2007: folds 
INTIMIDATOR69: folds 
Herfab77: folds 
Uncalled bet ($0.06) returned to DonoBono10
DonoBono10 collected $0.07 from pot
*** SUMMARY ***
Total pot $0.07 | Rake $0 
Seat 1: DonoBono10 (button) collected ($0.07)
Seat 2: Dorex2007 (small blind) folded before Flop
Seat 3: INTIMIDATOR69 (big blind) folded before Flop
Seat 4: Dartam09 folded before Flop (didn't bet)
Seat 5: noborin folded before Flop (didn't bet)
Seat 6: Herfab77 folded before Flop
Seat 7: vero2610 folded before Flop (didn't bet)
Seat 8: HuJwang folded before Flop (didn't bet)
Seat 9: deileon folded before Flop (didn't bet)



PokerStars Hand #237127874902:  Hold'em No Limit ($0.01/$0.02 USD) - 2022/07/02 20:27:34 PT [2022/07/02 23:27:34 ET]
Table 'Zelia III' 9-max Seat #2 is the button
Seat 1: DonoBono10 ($1.82 in chips) 
Seat 2: Dorex2007 ($4.24 in chips) 
Seat 3: INTIMIDATOR69 ($1.72 in chips) 
Seat 4: Dartam09 ($2.13 in chips) 
Seat 6: Herfab77 ($1.37 in chips) 
Seat 8: HuJwang ($2.41 in chips) 
Seat 9: deileon ($1.93 in chips) 
INTIMIDATOR69: posts small blind $0.01
Dartam09: posts big blind $0.02
*** HOLE CARDS ***
Dealt to Dorex2007 [Jd 4s]
Herfab77: folds 
HuJwang: folds 
deileon: folds 
DonoBono10: folds 
Dorex2007: folds 
INTIMIDATOR69: folds 
Uncalled bet ($0.01) returned to Dartam09
Dartam09 collected $0.02 from pot
*** SUMMARY ***
Total pot $0.02 | Rake $0 
Seat 1: DonoBono10 folded before Flop (didn't bet)
Seat 2: Dorex2007 (button) folded before Flop (didn't bet)
Seat 3: INTIMIDATOR69 (small blind) folded before Flop
Seat 4: Dartam09 (big blind) collected ($0.02)
Seat 6: Herfab77 folded before Flop (didn't bet)
Seat 8: HuJwang folded before Flop (didn't bet)
Seat 9: deileon folded before Flop (didn't bet)



PokerStars Hand #237127880716:  Hold'em No Limit ($0.01/$0.02 USD) - 2022/07/02 20:27:53 PT [2022/07/02 23:27:53 ET]
Table 'Zelia III' 9-max Seat #3 is the button
Seat 1: DonoBono10 ($1.82 in chips) 
Seat 2: Dorex2007 ($4.24 in chips) 
Seat 3: INTIMIDATOR69 ($1.71 in chips) 
Seat 4: Dartam09 ($2.14 in chips) 
Seat 6: Herfab77 ($1.37 in chips) 
Seat 8: HuJwang ($2.41 in chips) 
Seat 9: deileon ($1.93 in chips) 
Dartam09: posts small blind $0.01
Herfab77: posts big blind $0.02
*** HOLE CARDS ***
Dealt to Dorex2007 [3d Kd]
HuJwang: folds 
deileon: folds 
DonoBono10: raises $0.04 to $0.06
Dorex2007: folds 
INTIMIDATOR69: folds 
Dartam09: folds 
Herfab77: folds 
Uncalled bet ($0.04) returned to DonoBono10
DonoBono10 collected $0.05 from pot
*** SUMMARY ***
Total pot $0.05 | Rake $0 
Seat 1: DonoBono10 collected ($0.05)
Seat 2: Dorex2007 folded before Flop (didn't bet)
Seat 3: INTIMIDATOR69 (button) folded before Flop (didn't bet)
Seat 4: Dartam09 (small blind) folded before Flop
Seat 6: Herfab77 (big blind) folded before Flop
Seat 8: HuJwang folded before Flop (didn't bet)
Seat 9: deileon folded before Flop (didn't bet)



PokerStars Hand #237127884029:  Hold'em No Limit ($0.01/$0.02 USD) - 2022/07/02 20:28:15 PT [2022/07/02 23:28:15 ET]
Table 'Zelia III' 9-max Seat #4 is the button
Seat 1: DonoBono10 ($1.85 in chips) 
Seat 2: Dorex2007 ($4.24 in chips) 
Seat 3: INTIMIDATOR69 ($1.71 in chips) 
Seat 4: Dartam09 ($2.13 in chips) 
Seat 6: Herfab77 ($1.35 in chips) 
Seat 8: HuJwang ($2.41 in chips) 
Seat 9: deileon ($1.93 in chips) 
Herfab77: posts small blind $0.01
HuJwang: posts big blind $0.02
*** HOLE CARDS ***
Dealt to Dorex2007 [8s 4d]
deileon: folds 
DonoBono10: raises $0.04 to $0.06
Dorex2007: folds 
INTIMIDATOR69: folds 
Dartam09 has timed out
Dartam09: folds 
Herfab77: folds 
HuJwang: folds 
Uncalled bet ($0.04) returned to DonoBono10
DonoBono10 collected $0.05 from pot
*** SUMMARY ***
Total pot $0.05 | Rake $0 
Seat 1: DonoBono10 collected ($0.05)
Seat 2: Dorex2007 folded before Flop (didn't bet)
Seat 3: INTIMIDATOR69 folded before Flop (didn't bet)
Seat 4: Dartam09 (button) folded before Flop (didn't bet)
Seat 6: Herfab77 (small blind) folded before Flop
Seat 8: HuJwang (big blind) folded before Flop
Seat 9: deileon folded before Flop (didn't bet)



PokerStars Hand #237127888991:  Hold'em No Limit ($0.01/$0.02 USD) - 2022/07/02 20:28:49 PT [2022/07/02 23:28:49 ET]
Table 'Zelia III' 9-max Seat #6 is the button
Seat 1: DonoBono10 ($1.88 in chips) 
Seat 2: Dorex2007 ($4.24 in chips) 
Seat 3: INTIMIDATOR69 ($1.71 in chips) 
Seat 6: Herfab77 ($1.34 in chips) 
Seat 8: HuJwang ($2.39 in chips) 
Seat 9: deileon ($1.93 in chips) 
HuJwang: posts small blind $0.01
deileon: posts big blind $0.02
*** HOLE CARDS ***
Dealt to Dorex2007 [8c Jh]
DonoBono10: raises $0.04 to $0.06
Dorex2007: folds 
INTIMIDATOR69: folds 
Herfab77: folds 
HuJwang: folds 
deileon: folds 
Uncalled bet ($0.04) returned to DonoBono10
DonoBono10 collected $0.05 from pot
*** SUMMARY ***
Total pot $0.05 | Rake $0 
Seat 1: DonoBono10 collected ($0.05)
Seat 2: Dorex2007 folded before Flop (didn't bet)
Seat 3: INTIMIDATOR69 folded before Flop (didn't bet)
Seat 6: Herfab77 (button) folded before Flop (didn't bet)
Seat 8: HuJwang (small blind) folded before Flop
Seat 9: deileon (big blind) folded before Flop



PokerStars Hand #237127891880:  Hold'em No Limit ($0.01/$0.02 USD) - 2022/07/02 20:29:07 PT [2022/07/02 23:29:07 ET]
Table 'Zelia III' 9-max Seat #8 is the button
Seat 1: DonoBono10 ($1.91 in chips) 
Seat 2: Dorex2007 ($4.24 in chips) 
Seat 3: INTIMIDATOR69 ($1.71 in chips) 
Seat 6: Herfab77 ($1.34 in chips) 
Seat 7: vero2610 ($1.98 in chips) 
Seat 8: HuJwang ($2.38 in chips) 
Seat 9: deileon ($1.91 in chips) 
deileon: posts small blind $0.01
DonoBono10: posts big blind $0.02
vero2610: posts small & big blinds $0.03
*** HOLE CARDS ***
Dealt to Dorex2007 [8h 3d]
Dorex2007: folds 
INTIMIDATOR69: folds 
Herfab77: calls $0.02
vero2610: checks 
HuJwang: calls $0.02
deileon: folds 
DonoBono10: checks 
*** FLOP *** [Qs 2c 9c]
DonoBono10: bets $0.03
Herfab77: folds 
vero2610: raises $0.16 to $0.19
HuJwang: folds 
DonoBono10: folds 
Uncalled bet ($0.16) returned to vero2610
vero2610 collected $0.15 from pot
*** SUMMARY ***
Total pot $0.16 | Rake $0.01 
Board [Qs 2c 9c]
Seat 1: DonoBono10 (big blind) folded on the Flop
Seat 2: Dorex2007 folded before Flop (didn't bet)
Seat 3: INTIMIDATOR69 folded before Flop (didn't bet)
Seat 6: Herfab77 folded on the Flop
Seat 7: vero2610 collected ($0.15)
Seat 8: HuJwang (button) folded on the Flop
Seat 9: deileon (small blind) folded before Flop



PokerStars Hand #237127897047:  Hold'em No Limit ($0.01/$0.02 USD) - 2022/07/02 20:29:42 PT [2022/07/02 23:29:42 ET]
Table 'Zelia III' 9-max Seat #9 is the button
Seat 1: DonoBono10 ($1.86 in chips) 
Seat 2: Dorex2007 ($4.24 in chips) 
Seat 3: INTIMIDATOR69 ($1.71 in chips) 
Seat 6: Herfab77 ($1.32 in chips) 
Seat 7: vero2610 ($2.07 in chips) 
Seat 8: HuJwang ($2.36 in chips) 
Seat 9: deileon ($1.90 in chips) 
DonoBono10: posts small blind $0.01
Dorex2007: posts big blind $0.02
*** HOLE CARDS ***
Dealt to Dorex2007 [Th 6h]
INTIMIDATOR69: folds 
Herfab77: calls $0.02
vero2610: folds 
HuJwang: folds 
deileon: folds 
DonoBono10: folds 
Dorex2007: checks 
*** FLOP *** [5s Jh Td]
Dorex2007: checks 
Herfab77: checks 
*** TURN *** [5s Jh Td] [6d]
Dorex2007: bets $0.05
Herfab77: calls $0.05
*** RIVER *** [5s Jh Td 6d] [8c]
RedSkin Raiders joins the table at seat #5 
Dorex2007: bets $0.14
Herfab77: folds 
Uncalled bet ($0.14) returned to Dorex2007
Dorex2007 collected $0.14 from pot
*** SUMMARY ***
Total pot $0.15 | Rake $0.01 
Board [5s Jh Td 6d 8c]
Seat 1: DonoBono10 (small blind) folded before Flop
Seat 2: Dorex2007 (big blind) collected ($0.14)
Seat 3: INTIMIDATOR69 folded before Flop (didn't bet)
Seat 6: Herfab77 folded on the River
Seat 7: vero2610 folded before Flop (didn't bet)
Seat 8: HuJwang folded before Flop (didn't bet)
Seat 9: deileon (button) folded before Flop (didn't bet)



PokerStars Hand #237127906394:  Hold'em No Limit ($0.01/$0.02 USD) - 2022/07/02 20:30:28 PT [2022/07/02 23:30:28 ET]
Table 'Zelia III' 9-max Seat #1 is the button
Seat 1: DonoBono10 ($1.85 in chips) 
Seat 2: Dorex2007 ($4.31 in chips) 
Seat 3: INTIMIDATOR69 ($1.71 in chips) 
Seat 4: Dartam09 ($2.13 in chips) 
Seat 6: Herfab77 ($1.25 in chips) 
Seat 7: vero2610 ($2.07 in chips) 
Seat 8: HuJwang ($2.36 in chips) 
Seat 9: deileon ($1.90 in chips) 
Dorex2007: posts small blind $0.01
INTIMIDATOR69: posts big blind $0.02
RedSkin Raiders: sits out 
*** HOLE CARDS ***
Dealt to Dorex2007 [8s Qh]
Dartam09: folds 
Herfab77: folds 
vero2610: folds 
HuJwang: folds 
deileon: folds 
DonoBono10: raises $0.04 to $0.06
Dorex2007: folds 
INTIMIDATOR69: calls $0.04
*** FLOP *** [3d Js Ah]
INTIMIDATOR69: checks 
DonoBono10: bets $0.03
INTIMIDATOR69: folds 
Uncalled bet ($0.03) returned to DonoBono10
DonoBono10 collected $0.13 from pot
*** SUMMARY ***
Total pot $0.13 | Rake $0 
Board [3d Js Ah]
Seat 1: DonoBono10 (button) collected ($0.13)
Seat 2: Dorex2007 (small blind) folded before Flop
Seat 3: INTIMIDATOR69 (big blind) folded on the Flop
Seat 4: Dartam09 folded before Flop (didn't bet)
Seat 6: Herfab77 folded before Flop (didn't bet)
Seat 7: vero2610 folded before Flop (didn't bet)
Seat 8: HuJwang folded before Flop (didn't bet)
Seat 9: deileon folded before Flop (didn't bet)



PokerStars Hand #237127913620:  Hold'em No Limit ($0.01/$0.02 USD) - 2022/07/02 20:31:16 PT [2022/07/02 23:31:16 ET]
Table 'Zelia III' 9-max Seat #2 is the button
Seat 1: DonoBono10 ($1.92 in chips) 
Seat 2: Dorex2007 ($4.30 in chips) 
Seat 3: INTIMIDATOR69 ($1.65 in chips) 
Seat 4: Dartam09 ($2.13 in chips) 
Seat 6: Herfab77 ($1.25 in chips) 
Seat 7: vero2610 ($2.07 in chips) 
Seat 8: HuJwang ($2.36 in chips) 
Seat 9: deileon ($1.90 in chips) 
INTIMIDATOR69: posts small blind $0.01
Dartam09: posts big blind $0.02
RedSkin Raiders: sits out 
*** HOLE CARDS ***
Dealt to Dorex2007 [Ad 5s]
Herfab77: calls $0.02
vero2610: folds 
HuJwang: folds 
deileon: folds 
DonoBono10: folds 
Dorex2007: folds 
INTIMIDATOR69: calls $0.01
Dartam09: checks 
*** FLOP *** [6d Qh Ts]
INTIMIDATOR69: checks 
Dartam09: bets $0.03
Herfab77: calls $0.03
INTIMIDATOR69: folds 
*** TURN *** [6d Qh Ts] [4h]
Dartam09: checks 
Herfab77: checks 
*** RIVER *** [6d Qh Ts 4h] [2s]
Dartam09: checks 
Herfab77: bets $0.10
Dartam09: folds 
Uncalled bet ($0.10) returned to Herfab77
Herfab77 collected $0.12 from pot
*** SUMMARY ***
Total pot $0.12 | Rake $0 
Board [6d Qh Ts 4h 2s]
Seat 1: DonoBono10 folded before Flop (didn't bet)
Seat 2: Dorex2007 (button) folded before Flop (didn't bet)
Seat 3: INTIMIDATOR69 (small blind) folded on the Flop
Seat 4: Dartam09 (big blind) folded on the River
Seat 6: Herfab77 collected ($0.12)
Seat 7: vero2610 folded before Flop (didn't bet)
Seat 8: HuJwang folded before Flop (didn't bet)
Seat 9: deileon folded before Flop (didn't bet)



PokerStars Hand #237127921415:  Hold'em No Limit ($0.01/$0.02 USD) - 2022/07/02 20:32:08 PT [2022/07/02 23:32:08 ET]
Table 'Zelia III' 9-max Seat #3 is the button
Seat 1: DonoBono10 ($1.92 in chips) 
Seat 2: Dorex2007 ($4.30 in chips) 
Seat 3: INTIMIDATOR69 ($1.63 in chips) 
Seat 4: Dartam09 ($2.08 in chips) 
Seat 5: RedSkin Raiders ($1.60 in chips) 
Seat 6: Herfab77 ($1.32 in chips) 
Seat 7: vero2610 ($2.07 in chips) 
Seat 8: HuJwang ($2.36 in chips) 
Seat 9: deileon ($1.90 in chips) 
Dartam09: posts small blind $0.01
RedSkin Raiders: posts big blind $0.02
*** HOLE CARDS ***
Dealt to Dorex2007 [8c 4h]
Herfab77: calls $0.02
vero2610: folds 
HuJwang: folds 
deileon: folds 
DonoBono10: raises $0.04 to $0.06
Dorex2007: folds 
INTIMIDATOR69: folds 
Dartam09: calls $0.05
RedSkin Raiders: folds 
Herfab77: calls $0.04
*** FLOP *** [Ah 4d Js]
Dartam09: checks 
Herfab77: checks 
DonoBono10: checks 
*** TURN *** [Ah 4d Js] [5c]
Dartam09: checks 
Herfab77: bets $0.02
DonoBono10: folds 
Dartam09: calls $0.02
*** RIVER *** [Ah 4d Js 5c] [Td]
Dartam09: checks 
Herfab77: bets $0.06
Dartam09: raises $0.06 to $0.12
Herfab77: raises $0.06 to $0.18
Dartam09: calls $0.06
*** SHOW DOWN ***
Herfab77: shows [Qh Kd] (a straight, Ten to Ace)
Dartam09: mucks hand 
Herfab77 collected $0.58 from pot
*** SUMMARY ***
Total pot $0.60 | Rake $0.02 
Board [Ah 4d Js 5c Td]
Seat 1: DonoBono10 folded on the Turn
Seat 2: Dorex2007 folded before Flop (didn't bet)
Seat 3: INTIMIDATOR69 (button) folded before Flop (didn't bet)
Seat 4: Dartam09 (small blind) mucked [Ts Jd]
Seat 5: RedSkin Raiders (big blind) folded before Flop
Seat 6: Herfab77 showed [Qh Kd] and won ($0.58) with a straight, Ten to Ace
Seat 7: vero2610 folded before Flop (didn't bet)
Seat 8: HuJwang folded before Flop (didn't bet)
Seat 9: deileon folded before Flop (didn't bet)



PokerStars Hand #237127938163:  Hold'em No Limit ($0.01/$0.02 USD) - 2022/07/02 20:34:01 PT [2022/07/02 23:34:01 ET]
Table 'Zelia III' 9-max Seat #4 is the button
Seat 1: DonoBono10 ($1.86 in chips) 
Seat 2: Dorex2007 ($4.30 in chips) 
Seat 3: INTIMIDATOR69 ($1.63 in chips) 
Seat 4: Dartam09 ($1.82 in chips) 
Seat 5: RedSkin Raiders ($1.58 in chips) 
Seat 6: Herfab77 ($1.64 in chips) 
Seat 7: vero2610 ($2.07 in chips) 
Seat 8: HuJwang ($2.36 in chips) 
Seat 9: deileon ($1.90 in chips) 
RedSkin Raiders: posts small blind $0.01
Herfab77: posts big blind $0.02
*** HOLE CARDS ***
Dealt to Dorex2007 [4c Kd]
vero2610: folds 
HuJwang has timed out
HuJwang: folds 
deileon: folds 
DonoBono10: folds 
Dorex2007: calls $0.02
INTIMIDATOR69: folds 
Dartam09: calls $0.02
RedSkin Raiders: folds 
Herfab77: checks 
*** FLOP *** [2h Td 2c]
Herfab77: checks 
Dorex2007: checks 
Dartam09: bets $0.07
Herfab77: calls $0.07
Dorex2007: folds 
*** TURN *** [2h Td 2c] [7h]
Herfab77: bets $0.02
Dartam09: raises $0.24 to $0.26
Herfab77: folds 
Uncalled bet ($0.24) returned to Dartam09
Dartam09 collected $0.24 from pot
*** SUMMARY ***
Total pot $0.25 | Rake $0.01 
Board [2h Td 2c 7h]
Seat 1: DonoBono10 folded before Flop (didn't bet)
Seat 2: Dorex2007 folded on the Flop
Seat 3: INTIMIDATOR69 folded before Flop (didn't bet)
Seat 4: Dartam09 (button) collected ($0.24)
Seat 5: RedSkin Raiders (small blind) folded before Flop
Seat 6: Herfab77 (big blind) folded on the Turn
Seat 7: vero2610 folded before Flop (didn't bet)
Seat 8: HuJwang folded before Flop (didn't bet)
Seat 9: deileon folded before Flop (didn't bet)



PokerStars Hand #237127947736:  Hold'em No Limit ($0.01/$0.02 USD) - 2022/07/02 20:35:05 PT [2022/07/02 23:35:05 ET]
Table 'Zelia III' 9-max Seat #5 is the button
Seat 1: DonoBono10 ($1.86 in chips) 
Seat 2: Dorex2007 ($4.28 in chips) 
Seat 3: INTIMIDATOR69 ($1.63 in chips) 
Seat 4: Dartam09 ($1.95 in chips) 
Seat 5: RedSkin Raiders ($1.57 in chips) 
Seat 6: Herfab77 ($1.53 in chips) 
Seat 7: vero2610 ($2.07 in chips) 
Seat 8: HuJwang ($2.36 in chips) 
Seat 9: deileon ($1.90 in chips) 
Herfab77: posts small blind $0.01
vero2610: posts big blind $0.02
*** HOLE CARDS ***
Dealt to Dorex2007 [2c 5c]
HuJwang has timed out
HuJwang: folds 
deileon: folds 
DonoBono10: raises $0.04 to $0.06
Dorex2007: folds 
INTIMIDATOR69: folds 
Dartam09: folds 
RedSkin Raiders: folds 
Herfab77: folds 
vero2610: folds 
Uncalled bet ($0.04) returned to DonoBono10
DonoBono10 collected $0.05 from pot
*** SUMMARY ***
Total pot $0.05 | Rake $0 
Seat 1: DonoBono10 collected ($0.05)
Seat 2: Dorex2007 folded before Flop (didn't bet)
Seat 3: INTIMIDATOR69 folded before Flop (didn't bet)
Seat 4: Dartam09 folded before Flop (didn't bet)
Seat 5: RedSkin Raiders (button) folded before Flop (didn't bet)
Seat 6: Herfab77 (small blind) folded before Flop
Seat 7: vero2610 (big blind) folded before Flop
Seat 8: HuJwang folded before Flop (didn't bet)
Seat 9: deileon folded before Flop (didn't bet)



PokerStars Hand #237127952610:  Hold'em No Limit ($0.01/$0.02 USD) - 2022/07/02 20:35:38 PT [2022/07/02 23:35:38 ET]
Table 'Zelia III' 9-max Seat #6 is the button
Seat 1: DonoBono10 ($1.89 in chips) 
Seat 2: Dorex2007 ($4.28 in chips) 
Seat 3: INTIMIDATOR69 ($1.63 in chips) 
Seat 4: Dartam09 ($1.95 in chips) 
Seat 5: RedSkin Raiders ($1.57 in chips) 
Seat 6: Herfab77 ($1.52 in chips) 
Seat 7: vero2610 ($2.05 in chips) 
Seat 8: HuJwang ($2.36 in chips) 
Seat 9: deileon ($1.90 in chips) 
vero2610: posts small blind $0.01
HuJwang: posts big blind $0.02
*** HOLE CARDS ***
Dealt to Dorex2007 [Tc 7d]
deileon: folds 
DonoBono10: raises $0.04 to $0.06
Dorex2007: folds 
INTIMIDATOR69: folds 
Dartam09: folds 
RedSkin Raiders: calls $0.06
Herfab77: folds 
vero2610: folds 
HuJwang: raises $0.20 to $0.26
DonoBono10: folds 
RedSkin Raiders: calls $0.20
*** FLOP *** [3s 7s 8d]
HuJwang: bets $0.30
RedSkin Raiders: folds 
Uncalled bet ($0.30) returned to HuJwang
HuJwang collected $0.57 from pot
*** SUMMARY ***
Total pot $0.59 | Rake $0.02 
Board [3s 7s 8d]
Seat 1: DonoBono10 folded before Flop
Seat 2: Dorex2007 folded before Flop (didn't bet)
Seat 3: INTIMIDATOR69 folded before Flop (didn't bet)
Seat 4: Dartam09 folded before Flop (didn't bet)
Seat 5: RedSkin Raiders folded on the Flop
Seat 6: Herfab77 (button) folded before Flop (didn't bet)
Seat 7: vero2610 (small blind) folded before Flop
Seat 8: HuJwang (big blind) collected ($0.57)
Seat 9: deileon folded before Flop (didn't bet)



PokerStars Hand #237127962874:  Hold'em No Limit ($0.01/$0.02 USD) - 2022/07/02 20:36:27 PT [2022/07/02 23:36:27 ET]
Table 'Zelia III' 9-max Seat #7 is the button
Seat 1: DonoBono10 ($1.83 in chips) 
Seat 2: Dorex2007 ($4.28 in chips) 
Seat 3: INTIMIDATOR69 ($1.63 in chips) 
Seat 4: Dartam09 ($1.95 in chips) 
Seat 5: RedSkin Raiders ($1.31 in chips) 
Seat 6: Herfab77 ($1.52 in chips) 
Seat 7: vero2610 ($2.04 in chips) 
Seat 8: HuJwang ($2.67 in chips) 
Seat 9: deileon ($1.90 in chips) 
HuJwang: posts small blind $0.01
deileon: posts big blind $0.02
*** HOLE CARDS ***
Dealt to Dorex2007 [2d As]
DonoBono10: folds 
Dorex2007: folds 
INTIMIDATOR69: folds 
Dartam09: calls $0.02
RedSkin Raiders: calls $0.02
Herfab77: calls $0.02
vero2610: folds 
HuJwang: folds 
deileon: checks 
*** FLOP *** [9s Ac 6s]
deileon: checks 
Dartam09: bets $0.09
RedSkin Raiders: calls $0.09
Herfab77: folds 
deileon: folds 
*** TURN *** [9s Ac 6s] [6c]
Dartam09: bets $0.13
RedSkin Raiders: calls $0.13
*** RIVER *** [9s Ac 6s 6c] [9d]
Dartam09: checks 
RedSkin Raiders: checks 
*** SHOW DOWN ***
Dartam09: shows [Ah 8s] (two pair, Aces and Nines)
RedSkin Raiders: shows [5s 6h] (a full house, Sixes full of Nines)
RedSkin Raiders collected $0.51 from pot
*** SUMMARY ***
Total pot $0.53 | Rake $0.02 
Board [9s Ac 6s 6c 9d]
Seat 1: DonoBono10 folded before Flop (didn't bet)
Seat 2: Dorex2007 folded before Flop (didn't bet)
Seat 3: INTIMIDATOR69 folded before Flop (didn't bet)
Seat 4: Dartam09 showed [Ah 8s] and lost with two pair, Aces and Nines
Seat 5: RedSkin Raiders showed [5s 6h] and won ($0.51) with a full house, Sixes full of Nines
Seat 6: Herfab77 folded on the Flop
Seat 7: vero2610 (button) folded before Flop (didn't bet)
Seat 8: HuJwang (small blind) folded before Flop
Seat 9: deileon (big blind) folded on the Flop



PokerStars Hand #237127975353:  Hold'em No Limit ($0.01/$0.02 USD) - 2022/07/02 20:37:53 PT [2022/07/02 23:37:53 ET]
Table 'Zelia III' 9-max Seat #8 is the button
Seat 1: DonoBono10 ($1.83 in chips) 
Seat 2: Dorex2007 ($4.28 in chips) 
Seat 3: INTIMIDATOR69 ($1.63 in chips) 
Seat 4: Dartam09 ($1.71 in chips) 
Seat 5: RedSkin Raiders ($1.58 in chips) 
Seat 6: Herfab77 ($1.50 in chips) 
Seat 7: vero2610 ($2.04 in chips) 
Seat 8: HuJwang ($2.66 in chips) 
Seat 9: deileon ($1.88 in chips) 
deileon: posts small blind $0.01
DonoBono10: posts big blind $0.02
*** HOLE CARDS ***
Dealt to Dorex2007 [9h Th]
Dorex2007: calls $0.02
INTIMIDATOR69: calls $0.02
Dartam09: calls $0.02
RedSkin Raiders: calls $0.02
Herfab77: calls $0.02
vero2610: folds 
HuJwang: folds 
deileon: folds 
DonoBono10: checks 
*** FLOP *** [Ac Js 6h]
DonoBono10: checks 
Dorex2007: checks 
INTIMIDATOR69: bets $0.13
Dartam09: folds 
RedSkin Raiders: folds 
Herfab77: folds 
DonoBono10: folds 
Dorex2007: folds 
Uncalled bet ($0.13) returned to INTIMIDATOR69
INTIMIDATOR69 collected $0.13 from pot
*** SUMMARY ***
Total pot $0.13 | Rake $0 
Board [Ac Js 6h]
Seat 1: DonoBono10 (big blind) folded on the Flop
Seat 2: Dorex2007 folded on the Flop
Seat 3: INTIMIDATOR69 collected ($0.13)
Seat 4: Dartam09 folded on the Flop
Seat 5: RedSkin Raiders folded on the Flop
Seat 6: Herfab77 folded on the Flop
Seat 7: vero2610 folded before Flop (didn't bet)
Seat 8: HuJwang (button) folded before Flop (didn't bet)
Seat 9: deileon (small blind) folded before Flop



PokerStars Hand #237127983020:  Hold'em No Limit ($0.01/$0.02 USD) - 2022/07/02 20:38:46 PT [2022/07/02 23:38:46 ET]
Table 'Zelia III' 9-max Seat #9 is the button
Seat 1: DonoBono10 ($1.81 in chips) 
Seat 2: Dorex2007 ($4.26 in chips) 
Seat 3: INTIMIDATOR69 ($1.74 in chips) 
Seat 4: Dartam09 ($1.69 in chips) 
Seat 5: RedSkin Raiders ($1.56 in chips) 
Seat 6: Herfab77 ($1.48 in chips) 
Seat 7: vero2610 ($2.04 in chips) 
Seat 8: HuJwang ($2.66 in chips) 
Seat 9: deileon ($1.87 in chips) 
DonoBono10: posts small blind $0.01
Dorex2007: posts big blind $0.02
*** HOLE CARDS ***
Dealt to Dorex2007 [Ah Ad]
INTIMIDATOR69: folds 
Dartam09: calls $0.02
RedSkin Raiders: folds 
Herfab77: folds 
vero2610: calls $0.02
HuJwang: calls $0.02
deileon: folds 
DonoBono10: folds 
Dorex2007: raises $0.08 to $0.10
Dartam09: calls $0.08
vero2610: calls $0.08
HuJwang: calls $0.08
*** FLOP *** [8s 3h 8d]
Dorex2007: bets $0.40
Dartam09: folds 
vero2610: folds 
HuJwang: folds 
Uncalled bet ($0.40) returned to Dorex2007
Dorex2007 collected $0.40 from pot
*** SUMMARY ***
Total pot $0.41 | Rake $0.01 
Board [8s 3h 8d]
Seat 1: DonoBono10 (small blind) folded before Flop
Seat 2: Dorex2007 (big blind) collected ($0.40)
Seat 3: INTIMIDATOR69 folded before Flop (didn't bet)
Seat 4: Dartam09 folded on the Flop
Seat 5: RedSkin Raiders folded before Flop (didn't bet)
Seat 6: Herfab77 folded before Flop (didn't bet)
Seat 7: vero2610 folded on the Flop
Seat 8: HuJwang folded on the Flop
Seat 9: deileon (button) folded before Flop (didn't bet)



PokerStars Hand #237127990691:  Hold'em No Limit ($0.01/$0.02 USD) - 2022/07/02 20:39:38 PT [2022/07/02 23:39:38 ET]
Table 'Zelia III' 9-max Seat #1 is the button
Seat 1: DonoBono10 ($1.80 in chips) 
Seat 2: Dorex2007 ($4.56 in chips) 
Seat 3: INTIMIDATOR69 ($1.74 in chips) 
Seat 4: Dartam09 ($1.59 in chips) 
Seat 5: RedSkin Raiders ($1.56 in chips) 
Seat 6: Herfab77 ($1.48 in chips) 
Seat 7: vero2610 ($1.94 in chips) 
Seat 8: HuJwang ($2.56 in chips) 
Seat 9: deileon ($1.87 in chips) 
Dorex2007: posts small blind $0.01
INTIMIDATOR69: posts big blind $0.02
*** HOLE CARDS ***
Dealt to Dorex2007 [4h 6d]
Dartam09: folds 
RedSkin Raiders: calls $0.02
Herfab77: calls $0.02
vero2610: raises $0.06 to $0.08
HuJwang: folds 
deileon: folds 
DonoBono10: folds 
Dorex2007: folds 
INTIMIDATOR69: folds 
RedSkin Raiders: calls $0.06
Herfab77: folds 
*** FLOP *** [4s As 6s]
RedSkin Raiders: bets $0.10
vero2610: folds 
Uncalled bet ($0.10) returned to RedSkin Raiders
RedSkin Raiders collected $0.20 from pot
*** SUMMARY ***
Total pot $0.21 | Rake $0.01 
Board [4s As 6s]
Seat 1: DonoBono10 (button) folded before Flop (didn't bet)
Seat 2: Dorex2007 (small blind) folded before Flop
Seat 3: INTIMIDATOR69 (big blind) folded before Flop
Seat 4: Dartam09 folded before Flop (didn't bet)
Seat 5: RedSkin Raiders collected ($0.20)
Seat 6: Herfab77 folded before Flop
Seat 7: vero2610 folded on the Flop
Seat 8: HuJwang folded before Flop (didn't bet)
Seat 9: deileon folded before Flop (didn't bet)



PokerStars Hand #237127996800:  Hold'em No Limit ($0.01/$0.02 USD) - 2022/07/02 20:40:20 PT [2022/07/02 23:40:20 ET]
Table 'Zelia III' 9-max Seat #2 is the button
Seat 1: DonoBono10 ($1.80 in chips) 
Seat 2: Dorex2007 ($4.55 in chips) 
Seat 3: INTIMIDATOR69 ($1.72 in chips) 
Seat 4: Dartam09 ($1.59 in chips) 
Seat 5: RedSkin Raiders ($1.68 in chips) 
Seat 6: Herfab77 ($1.46 in chips) 
Seat 7: vero2610 ($1.86 in chips) 
Seat 8: HuJwang ($2.56 in chips) 
Seat 9: deileon ($1.87 in chips) 
INTIMIDATOR69: posts small blind $0.01
Dartam09: posts big blind $0.02
*** HOLE CARDS ***
Dealt to Dorex2007 [4d 9h]
RedSkin Raiders: raises $0.02 to $0.04
Herfab77: folds 
vero2610: folds 
HuJwang: folds 
deileon: folds 
DonoBono10: raises $0.04 to $0.08
Dorex2007: folds 
INTIMIDATOR69: calls $0.07
Dartam09: calls $0.06
RedSkin Raiders: calls $0.04
*** FLOP *** [5h Td 4h]
INTIMIDATOR69: checks 
Dartam09: checks 
RedSkin Raiders: checks 
DonoBono10: bets $0.08
INTIMIDATOR69: calls $0.08
Dartam09: folds 
RedSkin Raiders: folds 
*** TURN *** [5h Td 4h] [3s]
INTIMIDATOR69: checks 
DonoBono10: checks 
*** RIVER *** [5h Td 4h 3s] [4c]
INTIMIDATOR69: bets $0.68
DonoBono10: folds 
Uncalled bet ($0.68) returned to INTIMIDATOR69
INTIMIDATOR69 collected $0.46 from pot
*** SUMMARY ***
Total pot $0.48 | Rake $0.02 
Board [5h Td 4h 3s 4c]
Seat 1: DonoBono10 folded on the River
Seat 2: Dorex2007 (button) folded before Flop (didn't bet)
Seat 3: INTIMIDATOR69 (small blind) collected ($0.46)
Seat 4: Dartam09 (big blind) folded on the Flop
Seat 5: RedSkin Raiders folded on the Flop
Seat 6: Herfab77 folded before Flop (didn't bet)
Seat 7: vero2610 folded before Flop (didn't bet)
Seat 8: HuJwang folded before Flop (didn't bet)
Seat 9: deileon folded before Flop (didn't bet)



PokerStars Hand #237128008198:  Hold'em No Limit ($0.01/$0.02 USD) - 2022/07/02 20:41:40 PT [2022/07/02 23:41:40 ET]
Table 'Zelia III' 9-max Seat #3 is the button
Seat 1: DonoBono10 ($1.64 in chips) 
Seat 2: Dorex2007 ($4.55 in chips) 
Seat 3: INTIMIDATOR69 ($2.02 in chips) 
Seat 4: Dartam09 ($1.51 in chips) 
Seat 5: RedSkin Raiders ($1.60 in chips) 
Seat 6: Herfab77 ($1.46 in chips) 
Seat 7: vero2610 ($1.86 in chips) 
Seat 8: HuJwang ($2.56 in chips) 
Seat 9: deileon ($1.87 in chips) 
Dartam09: posts small blind $0.01
RedSkin Raiders: posts big blind $0.02
*** HOLE CARDS ***
Dealt to Dorex2007 [9s 5c]
Herfab77: folds 
vero2610: raises $0.06 to $0.08
HuJwang: calls $0.08
deileon: folds 
DonoBono10: folds 
Dorex2007: folds 
INTIMIDATOR69: folds 
Dartam09: folds 
RedSkin Raiders: folds 
*** FLOP *** [5s Ad 9h]
vero2610: checks 
HuJwang: checks 
*** TURN *** [5s Ad 9h] [2s]
vero2610: checks 
HuJwang: checks 
*** RIVER *** [5s Ad 9h 2s] [2c]
vero2610: checks 
HuJwang: checks 
*** SHOW DOWN ***
vero2610: shows [Qd Qh] (two pair, Queens and Deuces)
HuJwang: mucks hand 
vero2610 collected $0.18 from pot
*** SUMMARY ***
Total pot $0.19 | Rake $0.01 
Board [5s Ad 9h 2s 2c]
Seat 1: DonoBono10 folded before Flop (didn't bet)
Seat 2: Dorex2007 folded before Flop (didn't bet)
Seat 3: INTIMIDATOR69 (button) folded before Flop (didn't bet)
Seat 4: Dartam09 (small blind) folded before Flop
Seat 5: RedSkin Raiders (big blind) folded before Flop
Seat 6: Herfab77 folded before Flop (didn't bet)
Seat 7: vero2610 showed [Qd Qh] and won ($0.18) with two pair, Queens and Deuces
Seat 8: HuJwang mucked [7s 7c]
Seat 9: deileon folded before Flop (didn't bet)



PokerStars Hand #237128015037:  Hold'em No Limit ($0.01/$0.02 USD) - 2022/07/02 20:42:28 PT [2022/07/02 23:42:28 ET]
Table 'Zelia III' 9-max Seat #4 is the button
Seat 1: DonoBono10 ($1.64 in chips) 
Seat 2: Dorex2007 ($4.55 in chips) 
Seat 3: INTIMIDATOR69 ($2.02 in chips) 
Seat 4: Dartam09 ($1.50 in chips) 
Seat 5: RedSkin Raiders ($1.58 in chips) 
Seat 6: Herfab77 ($1.46 in chips) 
Seat 7: vero2610 ($1.96 in chips) 
Seat 8: HuJwang ($2.48 in chips) 
Seat 9: deileon ($1.87 in chips) 
RedSkin Raiders: posts small blind $0.01
Herfab77: posts big blind $0.02
*** HOLE CARDS ***
Dealt to Dorex2007 [6c 5c]
vero2610: calls $0.02
HuJwang: calls $0.02
deileon: folds 
DonoBono10: folds 
Dorex2007: folds 
INTIMIDATOR69: calls $0.02
Dartam09: folds 
RedSkin Raiders: raises $0.08 to $0.10
Herfab77: folds 
vero2610: calls $0.08
HuJwang: calls $0.08
INTIMIDATOR69: calls $0.08
*** FLOP *** [9c Jh Ac]
RedSkin Raiders: bets $0.18
vero2610: calls $0.18
HuJwang: folds 
INTIMIDATOR69: folds 
*** TURN *** [9c Jh Ac] [7s]
RedSkin Raiders: bets $1.30 and is all-in
vero2610: folds 
Uncalled bet ($1.30) returned to RedSkin Raiders
RedSkin Raiders collected $0.75 from pot
*** SUMMARY ***
Total pot $0.78 | Rake $0.03 
Board [9c Jh Ac 7s]
Seat 1: DonoBono10 folded before Flop (didn't bet)
Seat 2: Dorex2007 folded before Flop (didn't bet)
Seat 3: INTIMIDATOR69 folded on the Flop
Seat 4: Dartam09 (button) folded before Flop (didn't bet)
Seat 5: RedSkin Raiders (small blind) collected ($0.75)
Seat 6: Herfab77 (big blind) folded before Flop
Seat 7: vero2610 folded on the Turn
Seat 8: HuJwang folded on the Flop
Seat 9: deileon folded before Flop (didn't bet)



PokerStars Hand #237128028132:  Hold'em No Limit ($0.01/$0.02 USD) - 2022/07/02 20:43:58 PT [2022/07/02 23:43:58 ET]
Table 'Zelia III' 9-max Seat #5 is the button
Seat 1: DonoBono10 ($1.64 in chips) 
Seat 2: Dorex2007 ($4.55 in chips) 
Seat 3: INTIMIDATOR69 ($1.92 in chips) 
Seat 4: Dartam09 ($1.50 in chips) 
Seat 5: RedSkin Raiders ($2.05 in chips) 
Seat 6: Herfab77 ($1.44 in chips) 
Seat 7: vero2610 ($1.68 in chips) 
Seat 8: HuJwang ($2.38 in chips) 
Seat 9: deileon ($1.87 in chips) 
Herfab77: posts small blind $0.01
vero2610: posts big blind $0.02
*** HOLE CARDS ***
Dealt to Dorex2007 [Ad 5c]
HuJwang: folds 
deileon: folds 
DonoBono10: folds 
Dorex2007: folds 
INTIMIDATOR69: calls $0.02
Dartam09: folds 
RedSkin Raiders: folds 
Herfab77: folds 
vero2610: checks 
*** FLOP *** [6s Tc 6c]
vero2610: checks 
INTIMIDATOR69: checks 
*** TURN *** [6s Tc 6c] [Js]
vero2610: checks 
INTIMIDATOR69: bets $0.06
vero2610: folds 
Uncalled bet ($0.06) returned to INTIMIDATOR69
INTIMIDATOR69 collected $0.05 from pot
*** SUMMARY ***
Total pot $0.05 | Rake $0 
Board [6s Tc 6c Js]
Seat 1: DonoBono10 folded before Flop (didn't bet)
Seat 2: Dorex2007 folded before Flop (didn't bet)
Seat 3: INTIMIDATOR69 collected ($0.05)
Seat 4: Dartam09 folded before Flop (didn't bet)
Seat 5: RedSkin Raiders (button) folded before Flop (didn't bet)
Seat 6: Herfab77 (small blind) folded before Flop
Seat 7: vero2610 (big blind) folded on the Turn
Seat 8: HuJwang folded before Flop (didn't bet)
Seat 9: deileon folded before Flop (didn't bet)



PokerStars Hand #237128033219:  Hold'em No Limit ($0.01/$0.02 USD) - 2022/07/02 20:44:33 PT [2022/07/02 23:44:33 ET]
Table 'Zelia III' 9-max Seat #6 is the button
Seat 1: DonoBono10 ($1.64 in chips) 
Seat 2: Dorex2007 ($4.55 in chips) 
Seat 3: INTIMIDATOR69 ($1.95 in chips) 
Seat 4: Dartam09 ($1.50 in chips) 
Seat 5: RedSkin Raiders ($2.05 in chips) 
Seat 6: Herfab77 ($1.43 in chips) 
Seat 7: vero2610 ($1.98 in chips) 
Seat 8: HuJwang ($2.38 in chips) 
Seat 9: deileon ($1.87 in chips) 
vero2610: posts small blind $0.01
HuJwang: posts big blind $0.02
*** HOLE CARDS ***
Dealt to Dorex2007 [2h 8c]
deileon: folds 
DonoBono10: folds 
Dorex2007: folds 
INTIMIDATOR69: calls $0.02
Dartam09: folds 
RedSkin Raiders: calls $0.02
Herfab77: folds 
vero2610: folds 
HuJwang: checks 
*** FLOP *** [Qs 4h 3h]
HuJwang: bets $0.04
INTIMIDATOR69: folds 
RedSkin Raiders: calls $0.04
*** TURN *** [Qs 4h 3h] [5h]
HuJwang: bets $0.10
RedSkin Raiders: calls $0.10
*** RIVER *** [Qs 4h 3h 5h] [Ts]
HuJwang: bets $0.24
RedSkin Raiders: folds 
Uncalled bet ($0.24) returned to HuJwang
HuJwang collected $0.34 from pot
*** SUMMARY ***
Total pot $0.35 | Rake $0.01 
Board [Qs 4h 3h 5h Ts]
Seat 1: DonoBono10 folded before Flop (didn't bet)
Seat 2: Dorex2007 folded before Flop (didn't bet)
Seat 3: INTIMIDATOR69 folded on the Flop
Seat 4: Dartam09 folded before Flop (didn't bet)
Seat 5: RedSkin Raiders folded on the River
Seat 6: Herfab77 (button) folded before Flop (didn't bet)
Seat 7: vero2610 (small blind) folded before Flop
Seat 8: HuJwang (big blind) collected ($0.34)
Seat 9: deileon folded before Flop (didn't bet)



PokerStars Hand #237128048656:  Hold'em No Limit ($0.01/$0.02 USD) - 2022/07/02 20:45:35 PT [2022/07/02 23:45:35 ET]
Table 'Zelia III' 9-max Seat #7 is the button
Seat 1: DonoBono10 ($1.64 in chips) 
Seat 2: Dorex2007 ($4.55 in chips) 
Seat 3: INTIMIDATOR69 ($1.93 in chips) 
Seat 4: Dartam09 ($1.50 in chips) 
Seat 5: RedSkin Raiders ($1.89 in chips) 
Seat 6: Herfab77 ($1.43 in chips) 
Seat 7: vero2610 ($1.97 in chips) 
Seat 8: HuJwang ($2.56 in chips) 
Seat 9: deileon ($1.87 in chips) 
HuJwang: posts small blind $0.01
deileon: posts big blind $0.02
*** HOLE CARDS ***
Dealt to Dorex2007 [Qh Jh]
DonoBono10: folds 
Dorex2007: raises $0.04 to $0.06
INTIMIDATOR69: calls $0.06
Dartam09: folds 
RedSkin Raiders: calls $0.06
Herfab77: folds 
vero2610: folds 
HuJwang: folds 
deileon: folds 
*** FLOP *** [3d 7h Td]
Dorex2007: checks 
INTIMIDATOR69: checks 
RedSkin Raiders: checks 
*** TURN *** [3d 7h Td] [6d]
Dorex2007: checks 
INTIMIDATOR69: checks 
RedSkin Raiders: bets $0.16
Dorex2007: folds 
INTIMIDATOR69: calls $0.16
*** RIVER *** [3d 7h Td 6d] [8d]
INTIMIDATOR69: bets $0.98
RedSkin Raiders: raises $0.69 to $1.67 and is all-in
INTIMIDATOR69: calls $0.69
*** SHOW DOWN ***
RedSkin Raiders: shows [Ac Qd] (a flush, Queen high)
INTIMIDATOR69: shows [Ad 9s] (a flush, Ace high)
INTIMIDATOR69 collected $3.73 from pot
*** SUMMARY ***
Total pot $3.87 | Rake $0.14 
Board [3d 7h Td 6d 8d]
Seat 1: DonoBono10 folded before Flop (didn't bet)
Seat 2: Dorex2007 folded on the Turn
Seat 3: INTIMIDATOR69 showed [Ad 9s] and won ($3.73) with a flush, Ace high
Seat 4: Dartam09 folded before Flop (didn't bet)
Seat 5: RedSkin Raiders showed [Ac Qd] and lost with a flush, Queen high
Seat 6: Herfab77 folded before Flop (didn't bet)
Seat 7: vero2610 (button) folded before Flop (didn't bet)
Seat 8: HuJwang (small blind) folded before Flop
Seat 9: deileon (big blind) folded before Flop



PokerStars Hand #237128061228:  Hold'em No Limit ($0.01/$0.02 USD) - 2022/07/02 20:47:02 PT [2022/07/02 23:47:02 ET]
Table 'Zelia III' 9-max Seat #8 is the button
Seat 1: DonoBono10 ($1.64 in chips) 
Seat 2: Dorex2007 ($4.49 in chips) 
Seat 3: INTIMIDATOR69 ($3.77 in chips) 
Seat 4: Dartam09 ($1.50 in chips) 
Seat 6: Herfab77 ($1.43 in chips) 
Seat 7: vero2610 ($1.97 in chips) 
Seat 8: HuJwang ($2.55 in chips) 
Seat 9: deileon ($1.85 in chips) 
deileon: posts small blind $0.01
DonoBono10: posts big blind $0.02
*** HOLE CARDS ***
Dealt to Dorex2007 [2c 4c]
Dorex2007: folds 
INTIMIDATOR69: calls $0.02
RedSkin Raiders leaves the table
Dartam09: folds 
VCMERECE joins the table at seat #5 
Herfab77 has timed out
Herfab77: folds 
vero2610: folds 
HuJwang: raises $0.06 to $0.08
deileon: folds 
DonoBono10: folds 
INTIMIDATOR69: calls $0.06
*** FLOP *** [Qc Qd 8s]
INTIMIDATOR69: checks 
HuJwang: bets $0.08
INTIMIDATOR69: folds 
Uncalled bet ($0.08) returned to HuJwang
HuJwang collected $0.18 from pot
*** SUMMARY ***
Total pot $0.19 | Rake $0.01 
Board [Qc Qd 8s]
Seat 1: DonoBono10 (big blind) folded before Flop
Seat 2: Dorex2007 folded before Flop (didn't bet)
Seat 3: INTIMIDATOR69 folded on the Flop
Seat 4: Dartam09 folded before Flop (didn't bet)
Seat 6: Herfab77 folded before Flop (didn't bet)
Seat 7: vero2610 folded before Flop (didn't bet)
Seat 8: HuJwang (button) collected ($0.18)
Seat 9: deileon (small blind) folded before Flop



PokerStars Hand #237128067902:  Hold'em No Limit ($0.01/$0.02 USD) - 2022/07/02 20:47:50 PT [2022/07/02 23:47:50 ET]
Table 'Zelia III' 9-max Seat #9 is the button
Seat 1: DonoBono10 ($1.62 in chips) 
Seat 2: Dorex2007 ($4.49 in chips) 
Seat 3: INTIMIDATOR69 ($3.69 in chips) 
Seat 4: Dartam09 ($1.50 in chips) 
Seat 5: VCMERECE ($1 in chips) 
Seat 7: vero2610 ($1.97 in chips) 
Seat 8: HuJwang ($2.65 in chips) 
Seat 9: deileon ($1.84 in chips) 
DonoBono10: posts small blind $0.01
Dorex2007: posts big blind $0.02
VCMERECE: posts big blind $0.02
*** HOLE CARDS ***
Dealt to Dorex2007 [5d Jd]
INTIMIDATOR69: folds 
Dartam09: folds 
VCMERECE: checks 
vero2610: folds 
HuJwang: folds 
deileon: folds 
DonoBono10: folds 
Dorex2007: checks 
*** FLOP *** [Td 2c 7s]
Dorex2007: checks 
VCMERECE: checks 
*** TURN *** [Td 2c 7s] [8h]
Dorex2007: checks 
VCMERECE: bets $0.14
Dorex2007: folds 
Uncalled bet ($0.14) returned to VCMERECE
VCMERECE collected $0.05 from pot
*** SUMMARY ***
Total pot $0.05 | Rake $0 
Board [Td 2c 7s 8h]
Seat 1: DonoBono10 (small blind) folded before Flop
Seat 2: Dorex2007 (big blind) folded on the Turn
Seat 3: INTIMIDATOR69 folded before Flop (didn't bet)
Seat 4: Dartam09 folded before Flop (didn't bet)
Seat 5: VCMERECE collected ($0.05)
Seat 7: vero2610 folded before Flop (didn't bet)
Seat 8: HuJwang folded before Flop (didn't bet)
Seat 9: deileon (button) folded before Flop (didn't bet)



PokerStars Hand #237128083373:  Hold'em No Limit ($0.01/$0.02 USD) - 2022/07/02 20:48:36 PT [2022/07/02 23:48:36 ET]
Table 'Zelia III' 9-max Seat #1 is the button
Seat 1: DonoBono10 ($1.61 in chips) 
Seat 2: Dorex2007 ($4.47 in chips) 
Seat 3: INTIMIDATOR69 ($3.69 in chips) 
Seat 4: Dartam09 ($1.50 in chips) 
Seat 5: VCMERECE ($1.03 in chips) 
Seat 7: vero2610 ($1.97 in chips) 
Seat 8: HuJwang ($2.65 in chips) 
Seat 9: deileon ($1.84 in chips) 
Dorex2007: posts small blind $0.01
INTIMIDATOR69: posts big blind $0.02
*** HOLE CARDS ***
Dealt to Dorex2007 [2d 4c]
Dartam09: raises $0.04 to $0.06
VCMERECE: folds 
vero2610: folds 
HuJwang: folds 
deileon: folds 
DonoBono10: raises $0.12 to $0.18
Dorex2007: folds 
INTIMIDATOR69: folds 
Dartam09: calls $0.12
*** FLOP *** [4h 3c 7c]
Dartam09: bets $1.32 and is all-in
DonoBono10: calls $1.32
*** TURN *** [4h 3c 7c] [Kh]
*** RIVER *** [4h 3c 7c Kh] [8c]
*** SHOW DOWN ***
Dartam09: shows [9h Ah] (high card Ace)
DonoBono10: shows [Qd Qh] (a pair of Queens)
DonoBono10 collected $2.89 from pot
*** SUMMARY ***
Total pot $3.03 | Rake $0.14 
Board [4h 3c 7c Kh 8c]
Seat 1: DonoBono10 (button) showed [Qd Qh] and won ($2.89) with a pair of Queens
Seat 2: Dorex2007 (small blind) folded before Flop
Seat 3: INTIMIDATOR69 (big blind) folded before Flop
Seat 4: Dartam09 showed [9h Ah] and lost with high card Ace
Seat 5: VCMERECE folded before Flop (didn't bet)
Seat 7: vero2610 folded before Flop (didn't bet)
Seat 8: HuJwang folded before Flop (didn't bet)
Seat 9: deileon folded before Flop (didn't bet)



PokerStars Hand #237128091951:  Hold'em No Limit ($0.01/$0.02 USD) - 2022/07/02 20:49:37 PT [2022/07/02 23:49:37 ET]
Table 'Zelia III' 9-max Seat #2 is the button
Seat 1: DonoBono10 ($3 in chips) 
Seat 2: Dorex2007 ($4.46 in chips) 
Seat 3: INTIMIDATOR69 ($3.67 in chips) 
Seat 5: VCMERECE ($1.03 in chips) 
Seat 7: vero2610 ($1.97 in chips) 
Seat 8: HuJwang ($2.65 in chips) 
Seat 9: deileon ($1.84 in chips) 
INTIMIDATOR69: posts small blind $0.01
VCMERECE: posts big blind $0.02
*** HOLE CARDS ***
Dealt to Dorex2007 [5d 2s]
vero2610: raises $0.04 to $0.06
HuJwang: folds 
deileon: folds 
DonoBono10: folds 
Dorex2007: folds 
INTIMIDATOR69: folds 
VCMERECE: calls $0.04
*** FLOP *** [3d Ts 7c]
VCMERECE: checks 
vero2610: checks 
*** TURN *** [3d Ts 7c] [3s]
VCMERECE: checks 
vero2610: checks 
*** RIVER *** [3d Ts 7c 3s] [Ad]
VCMERECE: checks 
vero2610: checks 
*** SHOW DOWN ***
VCMERECE: shows [Jh 8s] (a pair of Threes)
vero2610: shows [9s Js] (a pair of Threes)
VCMERECE collected $0.07 from pot
vero2610 collected $0.06 from pot
*** SUMMARY ***
Total pot $0.13 | Rake $0 
Board [3d Ts 7c 3s Ad]
Seat 1: DonoBono10 folded before Flop (didn't bet)
Seat 2: Dorex2007 (button) folded before Flop (didn't bet)
Seat 3: INTIMIDATOR69 (small blind) folded before Flop
Seat 5: VCMERECE (big blind) showed [Jh 8s] and won ($0.07) with a pair of Threes
Seat 7: vero2610 showed [9s Js] and won ($0.06) with a pair of Threes
Seat 8: HuJwang folded before Flop (didn't bet)
Seat 9: deileon folded before Flop (didn't bet)



PokerStars Hand #237128096134:  Hold'em No Limit ($0.01/$0.02 USD) - 2022/07/02 20:50:07 PT [2022/07/02 23:50:07 ET]
Table 'Zelia III' 9-max Seat #3 is the button
Seat 1: DonoBono10 ($3 in chips) 
Seat 2: Dorex2007 ($4.46 in chips) 
Seat 3: INTIMIDATOR69 ($3.66 in chips) 
Seat 5: VCMERECE ($1.04 in chips) 
Seat 7: vero2610 ($1.97 in chips) 
Seat 8: HuJwang ($2.65 in chips) 
Seat 9: deileon ($1.84 in chips) 
VCMERECE: posts small blind $0.01
vero2610: posts big blind $0.02
*** HOLE CARDS ***
Dealt to Dorex2007 [Qc 5h]
HuJwang: folds 
deileon: folds 
DonoBono10: folds 
Dorex2007: folds 
INTIMIDATOR69: calls $0.02
VCMERECE: calls $0.01
vero2610: raises $0.06 to $0.08
INTIMIDATOR69: calls $0.06
VCMERECE: calls $0.06
*** FLOP *** [6h 4d Tc]
VCMERECE: bets $0.23
vero2610: folds 
INTIMIDATOR69: folds 
Uncalled bet ($0.23) returned to VCMERECE
VCMERECE collected $0.23 from pot
*** SUMMARY ***
Total pot $0.24 | Rake $0.01 
Board [6h 4d Tc]
Seat 1: DonoBono10 folded before Flop (didn't bet)
Seat 2: Dorex2007 folded before Flop (didn't bet)
Seat 3: INTIMIDATOR69 (button) folded on the Flop
Seat 5: VCMERECE (small blind) collected ($0.23)
Seat 7: vero2610 (big blind) folded on the Flop
Seat 8: HuJwang folded before Flop (didn't bet)
Seat 9: deileon folded before Flop (didn't bet)



PokerStars Hand #237128103159:  Hold'em No Limit ($0.01/$0.02 USD) - 2022/07/02 20:50:58 PT [2022/07/02 23:50:58 ET]
Table 'Zelia III' 9-max Seat #5 is the button
Seat 1: DonoBono10 ($3 in chips) 
Seat 2: Dorex2007 ($4.46 in chips) 
Seat 3: INTIMIDATOR69 ($3.58 in chips) 
Seat 4: Dartam09 ($2 in chips) 
Seat 5: VCMERECE ($1.19 in chips) 
Seat 7: vero2610 ($1.89 in chips) 
vero2610: posts small blind $0.01
HuJwang: is sitting out 
deileon: is sitting out 
DonoBono10: posts big blind $0.02
Dartam09: posts small & big blinds $0.03
*** HOLE CARDS ***
Dealt to Dorex2007 [Qh 4s]
Dorex2007: folds 
HuJwang leaves the table
INTIMIDATOR69: raises $0.16 to $0.18
Dartam09: folds 
VCMERECE: folds 
vero2610: folds 
DonoBono10: folds 
Uncalled bet ($0.16) returned to INTIMIDATOR69
INTIMIDATOR69 collected $0.08 from pot
*** SUMMARY ***
Total pot $0.08 | Rake $0 
Seat 1: DonoBono10 (big blind) folded before Flop
Seat 2: Dorex2007 folded before Flop (didn't bet)
Seat 3: INTIMIDATOR69 collected ($0.08)
Seat 4: Dartam09 folded before Flop (didn't bet)
Seat 5: VCMERECE (button) folded before Flop (didn't bet)
Seat 7: vero2610 (small blind) folded before Flop



PokerStars Hand #237128105744:  Hold'em No Limit ($0.01/$0.02 USD) - 2022/07/02 20:51:17 PT [2022/07/02 23:51:17 ET]
Table 'Zelia III' 9-max Seat #7 is the button
Seat 1: DonoBono10 ($2.98 in chips) 
Seat 2: Dorex2007 ($4.46 in chips) 
Seat 3: INTIMIDATOR69 ($3.64 in chips) 
Seat 4: Dartam09 ($1.97 in chips) 
Seat 5: VCMERECE ($1.19 in chips) 
Seat 7: vero2610 ($1.88 in chips) 
DonoBono10: posts small blind $0.01
Dorex2007: posts big blind $0.02
*** HOLE CARDS ***
Dealt to Dorex2007 [Ac 5s]
@tiosan6669 joins the table at seat #8 
INTIMIDATOR69: calls $0.02
Dartam09: folds 
VCMERECE has timed out
VCMERECE: folds 
vero2610: calls $0.02
DonoBono10: folds 
Dorex2007: checks 
*** FLOP *** [4c 2c Ks]
Dorex2007: checks 
INTIMIDATOR69: checks 
vero2610: checks 
*** TURN *** [4c 2c Ks] [Ah]
Dorex2007: checks 
INTIMIDATOR69: checks 
vero2610: checks 
*** RIVER *** [4c 2c Ks Ah] [9d]
Dorex2007: bets $0.03
INTIMIDATOR69: folds 
vero2610: folds 
Uncalled bet ($0.03) returned to Dorex2007
Dorex2007 collected $0.07 from pot
*** SUMMARY ***
Total pot $0.07 | Rake $0 
Board [4c 2c Ks Ah 9d]
Seat 1: DonoBono10 (small blind) folded before Flop
Seat 2: Dorex2007 (big blind) collected ($0.07)
Seat 3: INTIMIDATOR69 folded on the River
Seat 4: Dartam09 folded before Flop (didn't bet)
Seat 5: VCMERECE folded before Flop (didn't bet)
Seat 7: vero2610 (button) folded on the River



PokerStars Hand #237128114129:  Hold'em No Limit ($0.01/$0.02 USD) - 2022/07/02 20:52:16 PT [2022/07/02 23:52:16 ET]
Table 'Zelia III' 9-max Seat #1 is the button
Seat 1: DonoBono10 ($2.97 in chips) 
Seat 2: Dorex2007 ($4.51 in chips) 
Seat 3: INTIMIDATOR69 ($3.62 in chips) 
Seat 4: Dartam09 ($1.97 in chips) 
Seat 5: VCMERECE ($1.19 in chips) 
Seat 7: vero2610 ($1.86 in chips) 
Seat 8: @tiosan6669 ($0.80 in chips) 
Dorex2007: posts small blind $0.01
INTIMIDATOR69: posts big blind $0.02
@tiosan6669: posts big blind $0.02
*** HOLE CARDS ***
Dealt to Dorex2007 [4h Ts]
Dartam09: folds 
VCMERECE: raises $0.02 to $0.04
vero2610: folds 
@tiosan6669: folds 
DonoBono10: raises $0.04 to $0.08
Dorex2007: folds 
INTIMIDATOR69: folds 
VCMERECE: raises $0.21 to $0.29
DonoBono10: folds 
Uncalled bet ($0.21) returned to VCMERECE
VCMERECE collected $0.21 from pot
*** SUMMARY ***
Total pot $0.21 | Rake $0 
Seat 1: DonoBono10 (button) folded before Flop
Seat 2: Dorex2007 (small blind) folded before Flop
Seat 3: INTIMIDATOR69 (big blind) folded before Flop
Seat 4: Dartam09 folded before Flop (didn't bet)
Seat 5: VCMERECE collected ($0.21)
Seat 7: vero2610 folded before Flop (didn't bet)
Seat 8: @tiosan6669 folded before Flop (didn't bet)



PokerStars Hand #237128121009:  Hold'em No Limit ($0.01/$0.02 USD) - 2022/07/02 20:53:06 PT [2022/07/02 23:53:06 ET]
Table 'Zelia III' 9-max Seat #2 is the button
Seat 1: DonoBono10 ($2.89 in chips) 
Seat 2: Dorex2007 ($4.50 in chips) 
Seat 3: INTIMIDATOR69 ($3.60 in chips) 
Seat 4: Dartam09 ($1.97 in chips) 
Seat 5: VCMERECE ($1.32 in chips) 
Seat 7: vero2610 ($1.86 in chips) 
Seat 8: @tiosan6669 ($0.78 in chips) 
INTIMIDATOR69: posts small blind $0.01
Dartam09: posts big blind $0.02
*** HOLE CARDS ***
Dealt to Dorex2007 [Qs 7d]
VCMERECE: folds 
vero2610: folds 
@tiosan6669: calls $0.02
DonoBono10: folds 
Dorex2007: folds 
INTIMIDATOR69: folds 
Dartam09: checks 
*** FLOP *** [8s 7h Kc]
Dartam09 has timed out
Dartam09: checks 
@tiosan6669: bets $0.06
Dartam09: folds 
Uncalled bet ($0.06) returned to @tiosan6669
@tiosan6669 collected $0.05 from pot
*** SUMMARY ***
Total pot $0.05 | Rake $0 
Board [8s 7h Kc]
Seat 1: DonoBono10 folded before Flop (didn't bet)
Seat 2: Dorex2007 (button) folded before Flop (didn't bet)
Seat 3: INTIMIDATOR69 (small blind) folded before Flop
Seat 4: Dartam09 (big blind) folded on the Flop
Seat 5: VCMERECE folded before Flop (didn't bet)
Seat 7: vero2610 folded before Flop (didn't bet)
Seat 8: @tiosan6669 collected ($0.05)



PokerStars Hand #237128130460:  Hold'em No Limit ($0.01/$0.02 USD) - 2022/07/02 20:54:13 PT [2022/07/02 23:54:13 ET]
Table 'Zelia III' 9-max Seat #3 is the button
Seat 1: DonoBono10 ($2.89 in chips) 
Seat 2: Dorex2007 ($4.50 in chips) 
Seat 3: INTIMIDATOR69 ($3.59 in chips) 
Seat 4: Dartam09 ($1.95 in chips) 
Seat 5: VCMERECE ($1.32 in chips) 
Seat 7: vero2610 ($1.86 in chips) 
Dartam09: posts small blind $0.01
VCMERECE: posts big blind $0.02
*** HOLE CARDS ***
Dealt to Dorex2007 [6h 4d]
vero2610: folds 
DonoBono10: raises $0.06 to $0.08
Dorex2007: folds 
INTIMIDATOR69: folds 
Dartam09: folds 
VCMERECE: folds 
Uncalled bet ($0.06) returned to DonoBono10
DonoBono10 collected $0.05 from pot
*** SUMMARY ***
Total pot $0.05 | Rake $0 
Seat 1: DonoBono10 collected ($0.05)
Seat 2: Dorex2007 folded before Flop (didn't bet)
Seat 3: INTIMIDATOR69 (button) folded before Flop (didn't bet)
Seat 4: Dartam09 (small blind) folded before Flop
Seat 5: VCMERECE (big blind) folded before Flop
Seat 7: vero2610 folded before Flop (didn't bet)



PokerStars Hand #237128133957:  Hold'em No Limit ($0.01/$0.02 USD) - 2022/07/02 20:54:38 PT [2022/07/02 23:54:38 ET]
Table 'Zelia III' 9-max Seat #4 is the button
Seat 1: DonoBono10 ($2.92 in chips) 
Seat 2: Dorex2007 ($4.50 in chips) 
Seat 3: INTIMIDATOR69 ($3.59 in chips) 
Seat 4: Dartam09 ($1.94 in chips) 
Seat 5: VCMERECE ($1.30 in chips) 
Seat 7: vero2610 ($1.86 in chips) 
Seat 8: @tiosan6669 ($0.81 in chips) 
VCMERECE: posts small blind $0.01
vero2610: posts big blind $0.02
*** HOLE CARDS ***
Dealt to Dorex2007 [6d 8c]
@tiosan6669: calls $0.02
DonoBono10: folds 
Dorex2007: folds 
INTIMIDATOR69: calls $0.02
Dartam09: folds 
VCMERECE: calls $0.01
vero2610: checks 
*** FLOP *** [Qc Ts 2c]
VCMERECE: checks 
vero2610: checks 
@tiosan6669: checks 
INTIMIDATOR69: checks 
*** TURN *** [Qc Ts 2c] [5d]
VCMERECE: checks 
vero2610: checks 
@tiosan6669: bets $0.02
INTIMIDATOR69: folds 
VCMERECE: folds 
vero2610: folds 
Uncalled bet ($0.02) returned to @tiosan6669
@tiosan6669 collected $0.08 from pot
*** SUMMARY ***
Total pot $0.08 | Rake $0 
Board [Qc Ts 2c 5d]
Seat 1: DonoBono10 folded before Flop (didn't bet)
Seat 2: Dorex2007 folded before Flop (didn't bet)
Seat 3: INTIMIDATOR69 folded on the Turn
Seat 4: Dartam09 (button) folded before Flop (didn't bet)
Seat 5: VCMERECE (small blind) folded on the Turn
Seat 7: vero2610 (big blind) folded on the Turn
Seat 8: @tiosan6669 collected ($0.08)



PokerStars Hand #237128142124:  Hold'em No Limit ($0.01/$0.02 USD) - 2022/07/02 20:55:45 PT [2022/07/02 23:55:45 ET]
Table 'Zelia III' 9-max Seat #5 is the button
Seat 1: DonoBono10 ($2.92 in chips) 
Seat 2: Dorex2007 ($4.50 in chips) 
Seat 4: Dartam09 ($1.94 in chips) 
Seat 5: VCMERECE ($1.28 in chips) 
Seat 7: vero2610 ($1.84 in chips) 
Seat 8: @tiosan6669 ($0.87 in chips) 
vero2610: posts small blind $0.01
@tiosan6669: posts big blind $0.02
*** HOLE CARDS ***
Dealt to Dorex2007 [Ks Qh]
DonoBono10: raises $0.04 to $0.06
Dorex2007: calls $0.06
Dartam09: folds 
VCMERECE: folds 
vero2610: folds 
@tiosan6669: calls $0.04
*** FLOP *** [Jc 8s 6h]
@tiosan6669: checks 
DonoBono10: bets $0.05
Dorex2007: calls $0.05
@tiosan6669: calls $0.05
*** TURN *** [Jc 8s 6h] [8d]
@tiosan6669: checks 
DonoBono10: bets $0.17
Dorex2007: folds 
@tiosan6669: raises $0.17 to $0.34
DonoBono10: calls $0.17
*** RIVER *** [Jc 8s 6h 8d] [2s]
@tiosan6669: bets $0.42 and is all-in
DonoBono10: calls $0.42
*** SHOW DOWN ***
@tiosan6669: shows [8c Kh] (three of a kind, Eights)
DonoBono10: shows [Qs Jh] (two pair, Jacks and Eights)
@tiosan6669 collected $1.79 from pot
*** SUMMARY ***
Total pot $1.86 | Rake $0.07 
Board [Jc 8s 6h 8d 2s]
Seat 1: DonoBono10 showed [Qs Jh] and lost with two pair, Jacks and Eights
Seat 2: Dorex2007 folded on the Turn
Seat 4: Dartam09 folded before Flop (didn't bet)
Seat 5: VCMERECE (button) folded before Flop (didn't bet)
Seat 7: vero2610 (small blind) folded before Flop
Seat 8: @tiosan6669 (big blind) showed [8c Kh] and won ($1.79) with three of a kind, Eights



PokerStars Hand #237128149097:  Hold'em No Limit ($0.01/$0.02 USD) - 2022/07/02 20:56:46 PT [2022/07/02 23:56:46 ET]
Table 'Zelia III' 9-max Seat #7 is the button
Seat 1: DonoBono10 ($2.05 in chips) 
Seat 2: Dorex2007 ($4.39 in chips) 
Seat 4: Dartam09 ($1.94 in chips) 
Seat 5: VCMERECE ($1.28 in chips) 
Seat 7: vero2610 ($1.83 in chips) 
Seat 8: @tiosan6669 ($1.79 in chips) 
@tiosan6669: posts small blind $0.01
DonoBono10: posts big blind $0.02
*** HOLE CARDS ***
Dealt to Dorex2007 [6d Jh]
Dorex2007: folds 
Dartam09 has timed out
Dartam09: folds 
VCMERECE has timed out
VCMERECE: folds 
vero2610: raises $0.04 to $0.06
@tiosan6669: folds 
DonoBono10: folds 
Uncalled bet ($0.04) returned to vero2610
vero2610 collected $0.05 from pot
*** SUMMARY ***
Total pot $0.05 | Rake $0 
Seat 1: DonoBono10 (big blind) folded before Flop
Seat 2: Dorex2007 folded before Flop (didn't bet)
Seat 4: Dartam09 folded before Flop (didn't bet)
Seat 5: VCMERECE folded before Flop (didn't bet)
Seat 7: vero2610 (button) collected ($0.05)
Seat 8: @tiosan6669 (small blind) folded before Flop



PokerStars Hand #237128155507:  Hold'em No Limit ($0.01/$0.02 USD) - 2022/07/02 20:57:42 PT [2022/07/02 23:57:42 ET]
Table 'Zelia III' 9-max Seat #8 is the button
Seat 1: DonoBono10 ($2.03 in chips) 
Seat 2: Dorex2007 ($4.39 in chips) 
Seat 4: Dartam09 ($1.94 in chips) 
Seat 5: VCMERECE ($1.28 in chips) 
Seat 7: vero2610 ($1.86 in chips) 
Seat 8: @tiosan6669 ($1.78 in chips) 
DonoBono10: posts small blind $0.01
Dorex2007: posts big blind $0.02
*** HOLE CARDS ***
Dealt to Dorex2007 [6h Tc]
Dartam09: folds 
VCMERECE has timed out
VCMERECE: folds 
vero2610: folds 
@tiosan6669: folds 
DonoBono10: folds 
Uncalled bet ($0.01) returned to Dorex2007
Dorex2007 collected $0.02 from pot
*** SUMMARY ***
Total pot $0.02 | Rake $0 
Seat 1: DonoBono10 (small blind) folded before Flop
Seat 2: Dorex2007 (big blind) collected ($0.02)
Seat 4: Dartam09 folded before Flop (didn't bet)
Seat 5: VCMERECE folded before Flop (didn't bet)
Seat 7: vero2610 folded before Flop (didn't bet)
Seat 8: @tiosan6669 (button) folded before Flop (didn't bet)



PokerStars Hand #237128158473:  Hold'em No Limit ($0.01/$0.02 USD) - 2022/07/02 20:58:08 PT [2022/07/02 23:58:08 ET]
Table 'Zelia III' 9-max Seat #1 is the button
Seat 1: DonoBono10 ($2.02 in chips) 
Seat 2: Dorex2007 ($4.40 in chips) 
Seat 4: Dartam09 ($1.94 in chips) 
Seat 5: VCMERECE ($1.28 in chips) 
Seat 7: vero2610 ($1.86 in chips) 
Seat 8: @tiosan6669 ($1.78 in chips) 
Dorex2007: posts small blind $0.01
Dartam09: posts big blind $0.02
*** HOLE CARDS ***
Dealt to Dorex2007 [5d Qs]
VCMERECE: raises $0.02 to $0.04
vero2610: folds 
@tiosan6669: folds 
DonoBono10: raises $0.02 to $0.06
Dorex2007: folds 
Dartam09: folds 
VCMERECE: raises $0.16 to $0.22
DonoBono10: folds 
Uncalled bet ($0.16) returned to VCMERECE
VCMERECE collected $0.15 from pot
*** SUMMARY ***
Total pot $0.15 | Rake $0 
Seat 1: DonoBono10 (button) folded before Flop
Seat 2: Dorex2007 (small blind) folded before Flop
Seat 4: Dartam09 (big blind) folded before Flop
Seat 5: VCMERECE collected ($0.15)
Seat 7: vero2610 folded before Flop (didn't bet)
Seat 8: @tiosan6669 folded before Flop (didn't bet)



PokerStars Hand #237128163267:  Hold'em No Limit ($0.01/$0.02 USD) - 2022/07/02 20:58:51 PT [2022/07/02 23:58:51 ET]
Table 'Zelia III' 9-max Seat #2 is the button
Seat 1: DonoBono10 ($1.96 in chips) 
Seat 2: Dorex2007 ($4.39 in chips) 
Seat 4: Dartam09 ($1.92 in chips) 
Seat 5: VCMERECE ($1.37 in chips) 
Seat 7: vero2610 ($1.86 in chips) 
Seat 8: @tiosan6669 ($1.78 in chips) 
Dartam09: posts small blind $0.01
VCMERECE: posts big blind $0.02
*** HOLE CARDS ***
Dealt to Dorex2007 [Qh Kh]
vero2610: raises $0.04 to $0.06
@tiosan6669: folds 
DonoBono10: calls $0.06
Dorex2007: calls $0.06
Dartam09: folds 
VCMERECE: raises $0.04 to $0.10
vero2610: calls $0.04
DonoBono10: calls $0.04
Dorex2007: calls $0.04
*** FLOP *** [3d 2s Kd]
VCMERECE: bets $0.40
vero2610: folds 
DonoBono10: folds 
Dorex2007: raises $3.89 to $4.29 and is all-in
VCMERECE: folds 
Uncalled bet ($3.89) returned to Dorex2007
Dorex2007 collected $1.17 from pot
*** SUMMARY ***
Total pot $1.21 | Rake $0.04 
Board [3d 2s Kd]
Seat 1: DonoBono10 folded on the Flop
Seat 2: Dorex2007 (button) collected ($1.17)
Seat 4: Dartam09 (small blind) folded before Flop
Seat 5: VCMERECE (big blind) folded on the Flop
Seat 7: vero2610 folded on the Flop
Seat 8: @tiosan6669 folded before Flop (didn't bet)



