PokerStars Hand #237995628959:  Hold'em No Limit ($0.02/$0.05 USD) - 2022/08/14 16:57:03 PT [2022/08/14 19:57:03 ET]
Table 'Marceline III' 9-max Seat #9 is the button
Seat 1: BlackBear1996 ($5.68 in chips) 
Seat 2: valter1333 ($5.45 in chips) 
Seat 3: Kallem28 ($4.95 in chips) 
Seat 4: picineli ($1.92 in chips) 
Seat 5: skiraider ($2.10 in chips) 
Seat 6: VascoSerg ($5.35 in chips) 
Seat 7: Dorex2007 ($5 in chips) 
Seat 9: onlyfoolsguy ($4.53 in chips) 
BlackBear1996: posts small blind $0.02
valter1333: posts big blind $0.05
Dorex2007: posts big blind $0.05
hyuga309: sits out 
*** HOLE CARDS ***
Dealt to Dorex2007 [Kh Ah]
Kallem28: folds 
picineli: folds 
skiraider: calls $0.05
VascoSerg: folds 
Dorex2007: raises $0.20 to $0.25
onlyfoolsguy: folds 
BlackBear1996: folds 
valter1333: calls $0.20
skiraider: calls $0.20
*** FLOP *** [3d 4s 8s]
valter1333: checks 
skiraider: checks 
Dorex2007: bets $0.49
valter1333: folds 
skiraider: folds 
Uncalled bet ($0.49) returned to Dorex2007
Dorex2007 collected $0.74 from pot
Dorex2007: doesn't show hand 
*** SUMMARY ***
Total pot $0.77 | Rake $0.03 
Board [3d 4s 8s]
Seat 1: BlackBear1996 (small blind) folded before Flop
Seat 2: valter1333 (big blind) folded on the Flop
Seat 3: Kallem28 folded before Flop (didn't bet)
Seat 4: picineli folded before Flop (didn't bet)
Seat 5: skiraider folded on the Flop
Seat 6: VascoSerg folded before Flop (didn't bet)
Seat 7: Dorex2007 collected ($0.74)
Seat 9: onlyfoolsguy (button) folded before Flop (didn't bet)



PokerStars Hand #237995635496:  Hold'em No Limit ($0.02/$0.05 USD) - 2022/08/14 16:57:36 PT [2022/08/14 19:57:36 ET]
Table 'Marceline III' 9-max Seat #1 is the button
Seat 1: BlackBear1996 ($5.66 in chips) 
Seat 2: valter1333 ($5.20 in chips) 
Seat 3: Kallem28 ($4.95 in chips) 
Seat 4: picineli ($1.92 in chips) 
Seat 5: skiraider ($1.85 in chips) 
Seat 6: VascoSerg ($5.35 in chips) 
Seat 7: Dorex2007 ($5.49 in chips) 
Seat 9: onlyfoolsguy ($4.53 in chips) 
valter1333: posts small blind $0.02
Kallem28: posts big blind $0.05
hyuga309: sits out 
*** HOLE CARDS ***
Dealt to Dorex2007 [9d Ad]
picineli: folds 
skiraider: calls $0.05
VascoSerg: raises $0.17 to $0.22
Dorex2007: folds 
onlyfoolsguy: folds 
BlackBear1996: folds 
valter1333: folds 
Kallem28: folds 
skiraider: calls $0.17
*** FLOP *** [Tc 9h 5h]
skiraider: bets $0.49
VascoSerg: calls $0.49
*** TURN *** [Tc 9h 5h] [7c]
skiraider: bets $1.14 and is all-in
VascoSerg: calls $1.14
*** RIVER *** [Tc 9h 5h 7c] [Jd]
*** SHOW DOWN ***
skiraider: shows [7s 5d] (two pair, Sevens and Fives)
VascoSerg: shows [Qh Qd] (a pair of Queens)
skiraider collected $3.61 from pot
*** SUMMARY ***
Total pot $3.77 | Rake $0.16 
Board [Tc 9h 5h 7c Jd]
Seat 1: BlackBear1996 (button) folded before Flop (didn't bet)
Seat 2: valter1333 (small blind) folded before Flop
Seat 3: Kallem28 (big blind) folded before Flop
Seat 4: picineli folded before Flop (didn't bet)
Seat 5: skiraider showed [7s 5d] and won ($3.61) with two pair, Sevens and Fives
Seat 6: VascoSerg showed [Qh Qd] and lost with a pair of Queens
Seat 7: Dorex2007 folded before Flop (didn't bet)
Seat 9: onlyfoolsguy folded before Flop (didn't bet)



PokerStars Hand #237995645298:  Hold'em No Limit ($0.02/$0.05 USD) - 2022/08/14 16:58:24 PT [2022/08/14 19:58:24 ET]
Table 'Marceline III' 9-max Seat #2 is the button
Seat 1: BlackBear1996 ($5.66 in chips) 
Seat 2: valter1333 ($5.18 in chips) 
Seat 3: Kallem28 ($4.90 in chips) 
Seat 4: picineli ($1.92 in chips) 
Seat 5: skiraider ($3.61 in chips) 
Seat 6: VascoSerg ($5 in chips) 
Seat 7: Dorex2007 ($5.49 in chips) 
Seat 9: onlyfoolsguy ($4.53 in chips) 
Kallem28: posts small blind $0.02
picineli: posts big blind $0.05
hyuga309: sits out 
*** HOLE CARDS ***
Dealt to Dorex2007 [7d 6d]
skiraider: calls $0.05
VascoSerg: folds 
Dorex2007: folds 
onlyfoolsguy: raises $0.22 to $0.27
BlackBear1996: calls $0.27
valter1333: folds 
Kallem28: folds 
picineli: folds 
skiraider: calls $0.22
*** FLOP *** [Qs Ac 5d]
skiraider: checks 
onlyfoolsguy: checks 
BlackBear1996: checks 
*** TURN *** [Qs Ac 5d] [2c]
skiraider: checks 
onlyfoolsguy: bets $0.46
BlackBear1996: calls $0.46
skiraider: calls $0.46
*** RIVER *** [Qs Ac 5d 2c] [Td]
skiraider: checks 
onlyfoolsguy: bets $1.19
BlackBear1996: folds 
skiraider: folds 
Uncalled bet ($1.19) returned to onlyfoolsguy
onlyfoolsguy collected $2.17 from pot
onlyfoolsguy: doesn't show hand 
*** SUMMARY ***
Total pot $2.26 | Rake $0.09 
Board [Qs Ac 5d 2c Td]
Seat 1: BlackBear1996 folded on the River
Seat 2: valter1333 (button) folded before Flop (didn't bet)
Seat 3: Kallem28 (small blind) folded before Flop
Seat 4: picineli (big blind) folded before Flop
Seat 5: skiraider folded on the River
Seat 6: VascoSerg folded before Flop (didn't bet)
Seat 7: Dorex2007 folded before Flop (didn't bet)
Seat 9: onlyfoolsguy collected ($2.17)



PokerStars Hand #237995661113:  Hold'em No Limit ($0.02/$0.05 USD) - 2022/08/14 16:59:44 PT [2022/08/14 19:59:44 ET]
Table 'Marceline III' 9-max Seat #3 is the button
Seat 1: BlackBear1996 ($4.93 in chips) 
Seat 2: valter1333 ($5.18 in chips) 
Seat 3: Kallem28 ($4.88 in chips) 
Seat 4: picineli ($1.87 in chips) 
Seat 5: skiraider ($2.88 in chips) 
Seat 6: VascoSerg ($5 in chips) 
Seat 7: Dorex2007 ($5.49 in chips) 
Seat 9: onlyfoolsguy ($5.97 in chips) 
picineli: posts small blind $0.02
skiraider: posts big blind $0.05
hyuga309: sits out 
*** HOLE CARDS ***
Dealt to Dorex2007 [Ah Ac]
VascoSerg: folds 
Dorex2007: raises $0.15 to $0.20
onlyfoolsguy: folds 
BlackBear1996: folds 
BlackBear1996 leaves the table
valter1333: calls $0.20
Kallem28: folds 
picineli: folds 
skiraider: calls $0.15
*** FLOP *** [As Ts Ad]
skiraider: checks 
Dorex2007: checks 
valter1333: checks 
*** TURN *** [As Ts Ad] [Tc]
skiraider: checks 
Dorex2007: checks 
valter1333: checks 
*** RIVER *** [As Ts Ad Tc] [7d]
skiraider: checks 
Dorex2007: bets $0.29
valter1333: folds 
skiraider: folds 
Uncalled bet ($0.29) returned to Dorex2007
Dorex2007 collected $0.59 from pot
Dorex2007: doesn't show hand 
*** SUMMARY ***
Total pot $0.62 | Rake $0.03 
Board [As Ts Ad Tc 7d]
Seat 1: BlackBear1996 folded before Flop (didn't bet)
Seat 2: valter1333 folded on the River
Seat 3: Kallem28 (button) folded before Flop (didn't bet)
Seat 4: picineli (small blind) folded before Flop
Seat 5: skiraider (big blind) folded on the River
Seat 6: VascoSerg folded before Flop (didn't bet)
Seat 7: Dorex2007 collected ($0.59)
Seat 9: onlyfoolsguy folded before Flop (didn't bet)



PokerStars Hand #237995679552:  Hold'em No Limit ($0.02/$0.05 USD) - 2022/08/14 17:00:33 PT [2022/08/14 20:00:33 ET]
Table 'Marceline III' 9-max Seat #4 is the button
Seat 2: valter1333 ($4.98 in chips) 
Seat 3: Kallem28 ($4.88 in chips) 
Seat 4: picineli ($1.85 in chips) 
Seat 5: skiraider ($2.68 in chips) 
Seat 6: VascoSerg ($5 in chips) 
Seat 7: Dorex2007 ($5.88 in chips) 
Seat 9: onlyfoolsguy ($5.97 in chips) 
skiraider: posts small blind $0.02
VascoSerg: posts big blind $0.05
hyuga309: sits out 
*** HOLE CARDS ***
Dealt to Dorex2007 [Kc Ts]
Dorex2007: folds 
onlyfoolsguy: folds 
valter1333: calls $0.05
tanyaa1956 joins the table at seat #1 
Kallem28: folds 
picineli: folds 
skiraider: calls $0.03
VascoSerg: checks 
*** FLOP *** [4c 2d Td]
skiraider: bets $0.05
VascoSerg: folds 
valter1333: folds 
Uncalled bet ($0.05) returned to skiraider
skiraider collected $0.14 from pot
skiraider: doesn't show hand 
*** SUMMARY ***
Total pot $0.15 | Rake $0.01 
Board [4c 2d Td]
Seat 2: valter1333 folded on the Flop
Seat 3: Kallem28 folded before Flop (didn't bet)
Seat 4: picineli (button) folded before Flop (didn't bet)
Seat 5: skiraider (small blind) collected ($0.14)
Seat 6: VascoSerg (big blind) folded on the Flop
Seat 7: Dorex2007 folded before Flop (didn't bet)
Seat 9: onlyfoolsguy folded before Flop (didn't bet)



PokerStars Hand #237995685978:  Hold'em No Limit ($0.02/$0.05 USD) - 2022/08/14 17:01:03 PT [2022/08/14 20:01:03 ET]
Table 'Marceline III' 9-max Seat #5 is the button
Seat 2: valter1333 ($4.93 in chips) 
Seat 3: Kallem28 ($4.88 in chips) 
Seat 4: picineli ($1.85 in chips) 
Seat 5: skiraider ($2.77 in chips) 
Seat 6: VascoSerg ($5 in chips) 
Seat 7: Dorex2007 ($5.88 in chips) 
Seat 9: onlyfoolsguy ($5.97 in chips) 
VascoSerg: posts small blind $0.02
Dorex2007: posts big blind $0.05
hyuga309: sits out 
tanyaa1956: sits out 
*** HOLE CARDS ***
Dealt to Dorex2007 [Qh Kh]
onlyfoolsguy has timed out
onlyfoolsguy: folds 
valter1333: calls $0.05
Kallem28: folds 
picineli: calls $0.05
skiraider: raises $0.22 to $0.27
VascoSerg: folds 
Dorex2007: folds 
valter1333: calls $0.22
picineli: folds 
*** FLOP *** [Qc 8c 5s]
valter1333: checks 
skiraider: bets $0.31
valter1333: folds 
Uncalled bet ($0.31) returned to skiraider
skiraider collected $0.63 from pot
skiraider: doesn't show hand 
*** SUMMARY ***
Total pot $0.66 | Rake $0.03 
Board [Qc 8c 5s]
Seat 2: valter1333 folded on the Flop
Seat 3: Kallem28 folded before Flop (didn't bet)
Seat 4: picineli folded before Flop
Seat 5: skiraider (button) collected ($0.63)
Seat 6: VascoSerg (small blind) folded before Flop
Seat 7: Dorex2007 (big blind) folded before Flop
Seat 9: onlyfoolsguy folded before Flop (didn't bet)



PokerStars Hand #237995702319:  Hold'em No Limit ($0.02/$0.05 USD) - 2022/08/14 17:02:14 PT [2022/08/14 20:02:14 ET]
Table 'Marceline III' 9-max Seat #6 is the button
Seat 2: valter1333 ($4.66 in chips) 
Seat 3: Kallem28 ($4.88 in chips) 
Seat 4: picineli ($1.80 in chips) 
Seat 5: skiraider ($3.13 in chips) 
Seat 6: VascoSerg ($5 in chips) 
Seat 7: Dorex2007 ($5.83 in chips) 
Seat 8: hyuga309 ($2 in chips) 
Dorex2007: posts small blind $0.02
hyuga309: posts big blind $0.05
tanyaa1956: sits out 
*** HOLE CARDS ***
Dealt to Dorex2007 [9c 2c]
valter1333: folds 
valter1333 leaves the table
Kallem28: folds 
picineli: calls $0.05
skiraider: calls $0.05
VascoSerg: folds 
Dorex2007: folds 
hyuga309: checks 
*** FLOP *** [Qc Qh Jc]
hyuga309: checks 
picineli: checks 
skiraider: checks 
*** TURN *** [Qc Qh Jc] [7c]
hyuga309: checks 
picineli: bets $0.16
skiraider: folds 
hyuga309: folds 
Uncalled bet ($0.16) returned to picineli
picineli collected $0.16 from pot
picineli: doesn't show hand 
*** SUMMARY ***
Total pot $0.17 | Rake $0.01 
Board [Qc Qh Jc 7c]
Seat 2: valter1333 folded before Flop (didn't bet)
Seat 3: Kallem28 folded before Flop (didn't bet)
Seat 4: picineli collected ($0.16)
Seat 5: skiraider folded on the Turn
Seat 6: VascoSerg (button) folded before Flop (didn't bet)
Seat 7: Dorex2007 (small blind) folded before Flop
Seat 8: hyuga309 (big blind) folded on the Turn



PokerStars Hand #237995714185:  Hold'em No Limit ($0.02/$0.05 USD) - 2022/08/14 17:03:03 PT [2022/08/14 20:03:03 ET]
Table 'Marceline III' 9-max Seat #7 is the button
Seat 3: Kallem28 ($4.88 in chips) 
Seat 4: picineli ($1.91 in chips) 
Seat 5: skiraider ($3.08 in chips) 
Seat 6: VascoSerg ($5 in chips) 
Seat 7: Dorex2007 ($5.81 in chips) 
Seat 8: hyuga309 ($1.95 in chips) 
Seat 9: onlyfoolsguy ($5.97 in chips) 
hyuga309: posts small blind $0.02
onlyfoolsguy: posts big blind $0.05
tanyaa1956: sits out 
*** HOLE CARDS ***
Dealt to Dorex2007 [6d 8s]
Kallem28: folds 
picineli: folds 
skiraider: raises $0.12 to $0.17
VascoSerg has timed out
VascoSerg: folds 
Dorex2007: folds 
hyuga309: folds 
onlyfoolsguy: folds 
Uncalled bet ($0.12) returned to skiraider
skiraider collected $0.12 from pot
skiraider: doesn't show hand 
*** SUMMARY ***
Total pot $0.12 | Rake $0 
Seat 3: Kallem28 folded before Flop (didn't bet)
Seat 4: picineli folded before Flop (didn't bet)
Seat 5: skiraider collected ($0.12)
Seat 6: VascoSerg folded before Flop (didn't bet)
Seat 7: Dorex2007 (button) folded before Flop (didn't bet)
Seat 8: hyuga309 (small blind) folded before Flop
Seat 9: onlyfoolsguy (big blind) folded before Flop



PokerStars Hand #237995722295:  Hold'em No Limit ($0.02/$0.05 USD) - 2022/08/14 17:03:37 PT [2022/08/14 20:03:37 ET]
Table 'Marceline III' 9-max Seat #8 is the button
Seat 1: tanyaa1956 ($5 in chips) 
Seat 3: Kallem28 ($4.88 in chips) 
Seat 4: picineli ($1.91 in chips) 
Seat 5: skiraider ($3.15 in chips) 
Seat 6: VascoSerg ($5 in chips) 
Seat 7: Dorex2007 ($5.81 in chips) 
Seat 8: hyuga309 ($1.93 in chips) 
Seat 9: onlyfoolsguy ($5.92 in chips) 
onlyfoolsguy: posts small blind $0.02
tanyaa1956: posts big blind $0.05
*** HOLE CARDS ***
Dealt to Dorex2007 [8d 7d]
Kallem28: raises $0.06 to $0.11
picineli: folds 
skiraider: calls $0.11
VascoSerg: folds 
Dorex2007: folds 
hyuga309: folds 
onlyfoolsguy: calls $0.09
tanyaa1956: folds 
*** FLOP *** [Ah Ac 2s]
onlyfoolsguy has timed out
onlyfoolsguy: checks 
Kallem28: checks 
skiraider: bets $0.10
linharesrocha joins the table at seat #2 
onlyfoolsguy: folds 
Kallem28: folds 
Uncalled bet ($0.10) returned to skiraider
skiraider collected $0.36 from pot
skiraider: doesn't show hand 
*** SUMMARY ***
Total pot $0.38 | Rake $0.02 
Board [Ah Ac 2s]
Seat 1: tanyaa1956 (big blind) folded before Flop
Seat 3: Kallem28 folded on the Flop
Seat 4: picineli folded before Flop (didn't bet)
Seat 5: skiraider collected ($0.36)
Seat 6: VascoSerg folded before Flop (didn't bet)
Seat 7: Dorex2007 folded before Flop (didn't bet)
Seat 8: hyuga309 (button) folded before Flop (didn't bet)
Seat 9: onlyfoolsguy (small blind) folded on the Flop



PokerStars Hand #237995739788:  Hold'em No Limit ($0.02/$0.05 USD) - 2022/08/14 17:04:50 PT [2022/08/14 20:04:50 ET]
Table 'Marceline III' 9-max Seat #9 is the button
Seat 1: tanyaa1956 ($5 in chips) 
Seat 2: linharesrocha ($5 in chips) 
Seat 3: Kallem28 ($4.77 in chips) 
Seat 4: picineli ($1.91 in chips) 
Seat 5: skiraider ($3.40 in chips) 
Seat 6: VascoSerg ($5 in chips) 
Seat 7: Dorex2007 ($5.81 in chips) 
Seat 8: hyuga309 ($1.93 in chips) 
Seat 9: onlyfoolsguy ($5.81 in chips) 
tanyaa1956: posts small blind $0.02
linharesrocha: posts big blind $0.05
*** HOLE CARDS ***
Dealt to Dorex2007 [3c 8h]
Kallem28: folds 
picineli: folds 
skiraider: calls $0.05
VascoSerg: folds 
Dorex2007: folds 
hyuga309: folds 
onlyfoolsguy: folds 
tanyaa1956: raises $0.15 to $0.20
linharesrocha: folds 
skiraider: calls $0.15
*** FLOP *** [7s 9s As]
tanyaa1956: bets $0.24
skiraider: calls $0.24
*** TURN *** [7s 9s As] [7d]
tanyaa1956: checks 
skiraider: bets $0.44
tanyaa1956: folds 
Uncalled bet ($0.44) returned to skiraider
skiraider collected $0.89 from pot
skiraider: doesn't show hand 
*** SUMMARY ***
Total pot $0.93 | Rake $0.04 
Board [7s 9s As 7d]
Seat 1: tanyaa1956 (small blind) folded on the Turn
Seat 2: linharesrocha (big blind) folded before Flop
Seat 3: Kallem28 folded before Flop (didn't bet)
Seat 4: picineli folded before Flop (didn't bet)
Seat 5: skiraider collected ($0.89)
Seat 6: VascoSerg folded before Flop (didn't bet)
Seat 7: Dorex2007 folded before Flop (didn't bet)
Seat 8: hyuga309 folded before Flop (didn't bet)
Seat 9: onlyfoolsguy (button) folded before Flop (didn't bet)



PokerStars Hand #237995751288:  Hold'em No Limit ($0.02/$0.05 USD) - 2022/08/14 17:05:38 PT [2022/08/14 20:05:38 ET]
Table 'Marceline III' 9-max Seat #1 is the button
Seat 1: tanyaa1956 ($5 in chips) 
Seat 2: linharesrocha ($4.95 in chips) 
Seat 3: Kallem28 ($4.77 in chips) 
Seat 4: picineli ($1.91 in chips) 
Seat 5: skiraider ($3.85 in chips) 
Seat 6: VascoSerg ($5 in chips) 
Seat 7: Dorex2007 ($5.81 in chips) 
Seat 8: hyuga309 ($1.93 in chips) 
Seat 9: onlyfoolsguy ($5.81 in chips) 
linharesrocha: posts small blind $0.02
Kallem28: posts big blind $0.05
*** HOLE CARDS ***
Dealt to Dorex2007 [4s Ac]
picineli: folds 
skiraider: calls $0.05
VascoSerg: folds 
Dorex2007: folds 
hyuga309: raises $0.10 to $0.15
onlyfoolsguy: raises $0.45 to $0.60
tanyaa1956: folds 
linharesrocha: folds 
Kallem28: folds 
skiraider: calls $0.55
hyuga309: folds 
*** FLOP *** [7d Kh Kd]
skiraider: checks 
onlyfoolsguy: bets $0.48
skiraider: folds 
Uncalled bet ($0.48) returned to onlyfoolsguy
onlyfoolsguy collected $1.36 from pot
onlyfoolsguy: doesn't show hand 
*** SUMMARY ***
Total pot $1.42 | Rake $0.06 
Board [7d Kh Kd]
Seat 1: tanyaa1956 (button) folded before Flop (didn't bet)
Seat 2: linharesrocha (small blind) folded before Flop
Seat 3: Kallem28 (big blind) folded before Flop
Seat 4: picineli folded before Flop (didn't bet)
Seat 5: skiraider folded on the Flop
Seat 6: VascoSerg folded before Flop (didn't bet)
Seat 7: Dorex2007 folded before Flop (didn't bet)
Seat 8: hyuga309 folded before Flop
Seat 9: onlyfoolsguy collected ($1.36)



PokerStars Hand #237995775051:  Hold'em No Limit ($0.02/$0.05 USD) - 2022/08/14 17:07:17 PT [2022/08/14 20:07:17 ET]
Table 'Marceline III' 9-max Seat #2 is the button
Seat 1: tanyaa1956 ($5 in chips) 
Seat 2: linharesrocha ($4.93 in chips) 
Seat 3: Kallem28 ($4.72 in chips) 
Seat 4: picineli ($1.91 in chips) 
Seat 5: skiraider ($3.25 in chips) 
Seat 6: VascoSerg ($5 in chips) 
Seat 7: Dorex2007 ($5.81 in chips) 
Seat 8: hyuga309 ($1.78 in chips) 
Seat 9: onlyfoolsguy ($6.57 in chips) 
Kallem28: posts small blind $0.02
picineli: posts big blind $0.05
*** HOLE CARDS ***
Dealt to Dorex2007 [5c 7s]
skiraider: raises $0.05 to $0.10
VascoSerg: folds 
Dorex2007: folds 
hyuga309: folds 
onlyfoolsguy: calls $0.10
tanyaa1956: folds 
linharesrocha: calls $0.10
Kallem28: calls $0.08
picineli: calls $0.05
*** FLOP *** [8c 2h 3h]
Kallem28: bets $0.26
picineli: folds 
skiraider: calls $0.26
onlyfoolsguy: folds 
linharesrocha: folds 
*** TURN *** [8c 2h 3h] [3c]
Kallem28: bets $0.32
skiraider: calls $0.32
*** RIVER *** [8c 2h 3h 3c] [Qs]
Kallem28: checks 
skiraider: bets $0.05
Kallem28: calls $0.05
*** SHOW DOWN ***
skiraider: shows [7h 8h] (two pair, Eights and Threes)
Kallem28: shows [5s 8s] (two pair, Eights and Threes)
Kallem28 collected $0.85 from pot
skiraider collected $0.84 from pot
*** SUMMARY ***
Total pot $1.76 | Rake $0.07 
Board [8c 2h 3h 3c Qs]
Seat 1: tanyaa1956 folded before Flop (didn't bet)
Seat 2: linharesrocha (button) folded on the Flop
Seat 3: Kallem28 (small blind) showed [5s 8s] and won ($0.85) with two pair, Eights and Threes
Seat 4: picineli (big blind) folded on the Flop
Seat 5: skiraider showed [7h 8h] and won ($0.84) with two pair, Eights and Threes
Seat 6: VascoSerg folded before Flop (didn't bet)
Seat 7: Dorex2007 folded before Flop (didn't bet)
Seat 8: hyuga309 folded before Flop (didn't bet)
Seat 9: onlyfoolsguy folded on the Flop



PokerStars Hand #237995791737:  Hold'em No Limit ($0.02/$0.05 USD) - 2022/08/14 17:08:26 PT [2022/08/14 20:08:26 ET]
Table 'Marceline III' 9-max Seat #3 is the button
Seat 1: tanyaa1956 ($5 in chips) 
Seat 2: linharesrocha ($4.83 in chips) 
Seat 3: Kallem28 ($4.84 in chips) 
Seat 4: picineli ($1.81 in chips) 
Seat 5: skiraider ($3.36 in chips) 
Seat 6: VascoSerg ($5 in chips) 
Seat 7: Dorex2007 ($5.81 in chips) 
Seat 8: hyuga309 ($1.78 in chips) 
Seat 9: onlyfoolsguy ($6.47 in chips) 
picineli: posts small blind $0.02
skiraider: posts big blind $0.05
*** HOLE CARDS ***
Dealt to Dorex2007 [5d 3d]
VascoSerg: folds 
Dorex2007: folds 
hyuga309: raises $0.07 to $0.12
onlyfoolsguy: folds 
tanyaa1956: folds 
linharesrocha: calls $0.12
Kallem28: calls $0.12
picineli: folds 
skiraider: calls $0.07
*** FLOP *** [Ad 6c 8c]
skiraider: checks 
hyuga309: checks 
linharesrocha: checks 
Kallem28: checks 
*** TURN *** [Ad 6c 8c] [Jc]
skiraider: checks 
hyuga309: checks 
linharesrocha: checks 
Kallem28: checks 
*** RIVER *** [Ad 6c 8c Jc] [8s]
skiraider: checks 
hyuga309: checks 
linharesrocha: checks 
Kallem28: checks 
*** SHOW DOWN ***
skiraider: shows [2h Tc] (a pair of Eights)
hyuga309: shows [Kh Jh] (two pair, Jacks and Eights)
linharesrocha: mucks hand 
Kallem28: mucks hand 
hyuga309 collected $0.48 from pot
*** SUMMARY ***
Total pot $0.50 | Rake $0.02 
Board [Ad 6c 8c Jc 8s]
Seat 1: tanyaa1956 folded before Flop (didn't bet)
Seat 2: linharesrocha mucked [7s 2s]
Seat 3: Kallem28 (button) mucked [Th Kd]
Seat 4: picineli (small blind) folded before Flop
Seat 5: skiraider (big blind) showed [2h Tc] and lost with a pair of Eights
Seat 6: VascoSerg folded before Flop (didn't bet)
Seat 7: Dorex2007 folded before Flop (didn't bet)
Seat 8: hyuga309 showed [Kh Jh] and won ($0.48) with two pair, Jacks and Eights
Seat 9: onlyfoolsguy folded before Flop (didn't bet)



PokerStars Hand #237995816885:  Hold'em No Limit ($0.02/$0.05 USD) - 2022/08/14 17:09:42 PT [2022/08/14 20:09:42 ET]
Table 'Marceline III' 9-max Seat #4 is the button
Seat 1: tanyaa1956 ($5 in chips) 
Seat 2: linharesrocha ($4.71 in chips) 
Seat 3: Kallem28 ($4.72 in chips) 
Seat 4: picineli ($1.79 in chips) 
Seat 5: skiraider ($3.24 in chips) 
Seat 6: VascoSerg ($5 in chips) 
Seat 7: Dorex2007 ($5.81 in chips) 
Seat 8: hyuga309 ($2.14 in chips) 
skiraider: posts small blind $0.02
VascoSerg: posts big blind $0.05
*** HOLE CARDS ***
Dealt to Dorex2007 [Th Kc]
Dorex2007: folds 
hyuga309: folds 
tanyaa1956: folds 
linharesrocha: raises $0.05 to $0.10
Kallem28: raises $0.15 to $0.25
picineli: folds 
skiraider: folds 
VascoSerg: folds 
linharesrocha: calls $0.15
*** FLOP *** [3d 9d Jh]
linharesrocha: bets $0.20
Kallem28: folds 
Uncalled bet ($0.20) returned to linharesrocha
linharesrocha collected $0.55 from pot
*** SUMMARY ***
Total pot $0.57 | Rake $0.02 
Board [3d 9d Jh]
Seat 1: tanyaa1956 folded before Flop (didn't bet)
Seat 2: linharesrocha collected ($0.55)
Seat 3: Kallem28 folded on the Flop
Seat 4: picineli (button) folded before Flop (didn't bet)
Seat 5: skiraider (small blind) folded before Flop
Seat 6: VascoSerg (big blind) folded before Flop
Seat 7: Dorex2007 folded before Flop (didn't bet)
Seat 8: hyuga309 folded before Flop (didn't bet)



PokerStars Hand #237995826593:  Hold'em No Limit ($0.02/$0.05 USD) - 2022/08/14 17:10:24 PT [2022/08/14 20:10:24 ET]
Table 'Marceline III' 9-max Seat #5 is the button
Seat 1: tanyaa1956 ($5 in chips) 
Seat 2: linharesrocha ($5.01 in chips) 
Seat 3: Kallem28 ($4.47 in chips) 
Seat 4: picineli ($1.79 in chips) 
Seat 5: skiraider ($3.22 in chips) 
Seat 6: VascoSerg ($5 in chips) 
Seat 7: Dorex2007 ($5.81 in chips) 
Seat 8: hyuga309 ($2.14 in chips) 
VascoSerg: posts small blind $0.02
Dorex2007: posts big blind $0.05
*** HOLE CARDS ***
Dealt to Dorex2007 [5d Ts]
hyuga309: folds 
tanyaa1956: folds 
linharesrocha: folds 
Kallem28: folds 
picineli: folds 
skiraider: calls $0.05
VascoSerg: raises $0.23 to $0.28
Dorex2007: folds 
skiraider: folds 
Uncalled bet ($0.23) returned to VascoSerg
VascoSerg collected $0.15 from pot
VascoSerg: doesn't show hand 
*** SUMMARY ***
Total pot $0.15 | Rake $0 
Seat 1: tanyaa1956 folded before Flop (didn't bet)
Seat 2: linharesrocha folded before Flop (didn't bet)
Seat 3: Kallem28 folded before Flop (didn't bet)
Seat 4: picineli folded before Flop (didn't bet)
Seat 5: skiraider (button) folded before Flop
Seat 6: VascoSerg (small blind) collected ($0.15)
Seat 7: Dorex2007 (big blind) folded before Flop
Seat 8: hyuga309 folded before Flop (didn't bet)



PokerStars Hand #237995836370:  Hold'em No Limit ($0.02/$0.05 USD) - 2022/08/14 17:11:05 PT [2022/08/14 20:11:05 ET]
Table 'Marceline III' 9-max Seat #6 is the button
Seat 1: tanyaa1956 ($5 in chips) 
Seat 2: linharesrocha ($5.01 in chips) 
Seat 3: Kallem28 ($4.47 in chips) 
Seat 4: picineli ($1.79 in chips) 
Seat 5: skiraider ($3.17 in chips) 
Seat 6: VascoSerg ($5.10 in chips) 
Seat 7: Dorex2007 ($5.76 in chips) 
Seat 8: hyuga309 ($2.14 in chips) 
Dorex2007: posts small blind $0.02
hyuga309: posts big blind $0.05
*** HOLE CARDS ***
Dealt to Dorex2007 [2d Qs]
tanyaa1956: folds 
linharesrocha: raises $0.05 to $0.10
Kallem28: folds 
picineli: folds 
skiraider: calls $0.10
VascoSerg: folds 
Dorex2007: folds 
hyuga309: calls $0.05
*** FLOP *** [7c 3s Ts]
hyuga309: checks 
linharesrocha: checks 
skiraider: checks 
*** TURN *** [7c 3s Ts] [6h]
hyuga309: bets $0.10
linharesrocha: folds 
skiraider: calls $0.10
*** RIVER *** [7c 3s Ts 6h] [8c]
hyuga309: checks 
skiraider: bets $0.05
hyuga309: calls $0.05
*** SHOW DOWN ***
skiraider: shows [3h 4h] (a pair of Threes)
hyuga309: shows [As Td] (a pair of Tens)
hyuga309 collected $0.59 from pot
*** SUMMARY ***
Total pot $0.62 | Rake $0.03 
Board [7c 3s Ts 6h 8c]
Seat 1: tanyaa1956 folded before Flop (didn't bet)
Seat 2: linharesrocha folded on the Turn
Seat 3: Kallem28 folded before Flop (didn't bet)
Seat 4: picineli folded before Flop (didn't bet)
Seat 5: skiraider showed [3h 4h] and lost with a pair of Threes
Seat 6: VascoSerg (button) folded before Flop (didn't bet)
Seat 7: Dorex2007 (small blind) folded before Flop
Seat 8: hyuga309 (big blind) showed [As Td] and won ($0.59) with a pair of Tens



PokerStars Hand #237995850711:  Hold'em No Limit ($0.02/$0.05 USD) - 2022/08/14 17:12:07 PT [2022/08/14 20:12:07 ET]
Table 'Marceline III' 9-max Seat #7 is the button
Seat 2: linharesrocha ($4.91 in chips) 
Seat 3: Kallem28 ($4.47 in chips) 
Seat 4: picineli ($1.79 in chips) 
Seat 5: skiraider ($2.92 in chips) 
Seat 6: VascoSerg ($5.10 in chips) 
Seat 7: Dorex2007 ($5.74 in chips) 
Seat 8: hyuga309 ($2.48 in chips) 
hyuga309: posts small blind $0.02
tanyaa1956: is sitting out 
linharesrocha: posts big blind $0.05
*** HOLE CARDS ***
Dealt to Dorex2007 [3d Td]
Kallem28: folds 
picineli: folds 
skiraider: raises $0.12 to $0.17
VascoSerg: folds 
Dorex2007: folds 
hyuga309: folds 
linharesrocha: folds 
Uncalled bet ($0.12) returned to skiraider
skiraider collected $0.12 from pot
skiraider: doesn't show hand 
*** SUMMARY ***
Total pot $0.12 | Rake $0 
Seat 2: linharesrocha (big blind) folded before Flop
Seat 3: Kallem28 folded before Flop (didn't bet)
Seat 4: picineli folded before Flop (didn't bet)
Seat 5: skiraider collected ($0.12)
Seat 6: VascoSerg folded before Flop (didn't bet)
Seat 7: Dorex2007 (button) folded before Flop (didn't bet)
Seat 8: hyuga309 (small blind) folded before Flop



PokerStars Hand #237995854948:  Hold'em No Limit ($0.02/$0.05 USD) - 2022/08/14 17:12:25 PT [2022/08/14 20:12:25 ET]
Table 'Marceline III' 9-max Seat #8 is the button
Seat 2: linharesrocha ($4.86 in chips) 
Seat 3: Kallem28 ($4.47 in chips) 
Seat 4: picineli ($1.79 in chips) 
Seat 5: skiraider ($2.99 in chips) 
Seat 6: VascoSerg ($5.10 in chips) 
Seat 7: Dorex2007 ($5.74 in chips) 
Seat 8: hyuga309 ($2.46 in chips) 
linharesrocha: posts small blind $0.02
Kallem28: posts big blind $0.05
*** HOLE CARDS ***
Dealt to Dorex2007 [3d Ac]
picineli: folds 
skiraider: raises $0.05 to $0.10
VascoSerg: folds 
Dorex2007: folds 
hyuga309: folds 
linharesrocha: folds 
Kallem28: raises $0.20 to $0.30
skiraider: raises $0.20 to $0.50
Kallem28: calls $0.20
*** FLOP *** [3h 7c Qd]
Kallem28: bets $0.32
skiraider: calls $0.32
*** TURN *** [3h 7c Qd] [Js]
Kallem28: bets $3.65 and is all-in
skiraider: folds 
Uncalled bet ($3.65) returned to Kallem28
Kallem28 collected $1.59 from pot
Kallem28: doesn't show hand 
*** SUMMARY ***
Total pot $1.66 | Rake $0.07 
Board [3h 7c Qd Js]
Seat 2: linharesrocha (small blind) folded before Flop
Seat 3: Kallem28 (big blind) collected ($1.59)
Seat 4: picineli folded before Flop (didn't bet)
Seat 5: skiraider folded on the Turn
Seat 6: VascoSerg folded before Flop (didn't bet)
Seat 7: Dorex2007 folded before Flop (didn't bet)
Seat 8: hyuga309 (button) folded before Flop (didn't bet)



PokerStars Hand #237995867509:  Hold'em No Limit ($0.02/$0.05 USD) - 2022/08/14 17:13:18 PT [2022/08/14 20:13:18 ET]
Table 'Marceline III' 9-max Seat #2 is the button
Seat 2: linharesrocha ($4.84 in chips) 
Seat 3: Kallem28 ($5.24 in chips) 
Seat 4: picineli ($1.79 in chips) 
Seat 5: skiraider ($2.17 in chips) 
Seat 6: VascoSerg ($5.10 in chips) 
Seat 7: Dorex2007 ($5.74 in chips) 
Seat 8: hyuga309 ($2.46 in chips) 
Seat 9: onlyfoolsguy ($6.47 in chips) 
Kallem28: posts small blind $0.02
picineli: posts big blind $0.05
onlyfoolsguy: posts small & big blinds $0.07
tanyaa1956: sits out 
*** HOLE CARDS ***
Dealt to Dorex2007 [Td 8d]
skiraider: calls $0.05
VascoSerg: folds 
Dorex2007: folds 
hyuga309: folds 
onlyfoolsguy has timed out
onlyfoolsguy: checks 
linharesrocha: folds 
Kallem28: folds 
picineli: checks 
*** FLOP *** [Kd 4s Qs]
picineli: checks 
skiraider: checks 
onlyfoolsguy has timed out
onlyfoolsguy: checks 
*** TURN *** [Kd 4s Qs] [6c]
picineli: checks 
skiraider: checks 
onlyfoolsguy: checks 
*** RIVER *** [Kd 4s Qs 6c] [Ad]
picineli: bets $0.18
skiraider: folds 
onlyfoolsguy has timed out
onlyfoolsguy: folds 
Uncalled bet ($0.18) returned to picineli
picineli collected $0.18 from pot
picineli: doesn't show hand 
*** SUMMARY ***
Total pot $0.19 | Rake $0.01 
Board [Kd 4s Qs 6c Ad]
Seat 2: linharesrocha (button) folded before Flop (didn't bet)
Seat 3: Kallem28 (small blind) folded before Flop
Seat 4: picineli (big blind) collected ($0.18)
Seat 5: skiraider folded on the River
Seat 6: VascoSerg folded before Flop (didn't bet)
Seat 7: Dorex2007 folded before Flop (didn't bet)
Seat 8: hyuga309 folded before Flop (didn't bet)
Seat 9: onlyfoolsguy folded on the River (didn't bet)



PokerStars Hand #237995892311:  Hold'em No Limit ($0.02/$0.05 USD) - 2022/08/14 17:15:05 PT [2022/08/14 20:15:05 ET]
Table 'Marceline III' 9-max Seat #3 is the button
Seat 2: linharesrocha ($4.84 in chips) 
Seat 3: Kallem28 ($5.22 in chips) 
Seat 4: picineli ($1.92 in chips) 
Seat 5: skiraider ($2.12 in chips) 
Seat 6: VascoSerg ($5.10 in chips) 
Seat 7: Dorex2007 ($5.74 in chips) 
Seat 8: hyuga309 ($2.46 in chips) 
picineli: posts small blind $0.02
skiraider: posts big blind $0.05
tanyaa1956: sits out 
*** HOLE CARDS ***
Dealt to Dorex2007 [Jd 6c]
VascoSerg: folds 
Dorex2007: folds 
hyuga309: folds 
linharesrocha: folds 
Kallem28: folds 
picineli: folds 
Uncalled bet ($0.03) returned to skiraider
skiraider collected $0.04 from pot
skiraider: doesn't show hand 
*** SUMMARY ***
Total pot $0.04 | Rake $0 
Seat 2: linharesrocha folded before Flop (didn't bet)
Seat 3: Kallem28 (button) folded before Flop (didn't bet)
Seat 4: picineli (small blind) folded before Flop
Seat 5: skiraider (big blind) collected ($0.04)
Seat 6: VascoSerg folded before Flop (didn't bet)
Seat 7: Dorex2007 folded before Flop (didn't bet)
Seat 8: hyuga309 folded before Flop (didn't bet)



PokerStars Hand #237995897994:  Hold'em No Limit ($0.02/$0.05 USD) - 2022/08/14 17:15:30 PT [2022/08/14 20:15:30 ET]
Table 'Marceline III' 9-max Seat #4 is the button
Seat 2: linharesrocha ($4.84 in chips) 
Seat 3: Kallem28 ($5.22 in chips) 
Seat 4: picineli ($1.90 in chips) 
Seat 5: skiraider ($2.14 in chips) 
Seat 6: VascoSerg ($5.10 in chips) 
Seat 7: Dorex2007 ($5.74 in chips) 
Seat 8: hyuga309 ($2.46 in chips) 
skiraider: posts small blind $0.02
VascoSerg: posts big blind $0.05
tanyaa1956: sits out 
*** HOLE CARDS ***
Dealt to Dorex2007 [4d 9d]
Dorex2007: folds 
hyuga309: folds 
linharesrocha: raises $0.05 to $0.10
Kallem28: folds 
picineli: calls $0.10
skiraider: raises $0.05 to $0.15
VascoSerg: folds 
linharesrocha: calls $0.05
picineli: calls $0.05
*** FLOP *** [Js 6h Ad]
skiraider: bets $0.05
onlyfoolsguy leaves the table
linharesrocha: folds 
picineli: calls $0.05
*** TURN *** [Js 6h Ad] [3s]
skiraider: bets $0.05
picineli: calls $0.05
*** RIVER *** [Js 6h Ad 3s] [3c]
skiraider: bets $0.05
picineli: raises $0.05 to $0.10
skiraider: calls $0.05
*** SHOW DOWN ***
picineli: shows [9c Ac] (two pair, Aces and Threes)
skiraider: mucks hand 
picineli collected $0.86 from pot
*** SUMMARY ***
Total pot $0.90 | Rake $0.04 
Board [Js 6h Ad 3s 3c]
Seat 2: linharesrocha folded on the Flop
Seat 3: Kallem28 folded before Flop (didn't bet)
Seat 4: picineli (button) showed [9c Ac] and won ($0.86) with two pair, Aces and Threes
Seat 5: skiraider (small blind) mucked [Tc Th]
Seat 6: VascoSerg (big blind) folded before Flop
Seat 7: Dorex2007 folded before Flop (didn't bet)
Seat 8: hyuga309 folded before Flop (didn't bet)



PokerStars Hand #237995918260:  Hold'em No Limit ($0.02/$0.05 USD) - 2022/08/14 17:16:57 PT [2022/08/14 20:16:57 ET]
Table 'Marceline III' 9-max Seat #5 is the button
Seat 2: linharesrocha ($4.69 in chips) 
Seat 3: Kallem28 ($5.22 in chips) 
Seat 4: picineli ($2.41 in chips) 
Seat 5: skiraider ($1.79 in chips) 
Seat 6: VascoSerg ($5.05 in chips) 
Seat 7: Dorex2007 ($5.74 in chips) 
Seat 8: hyuga309 ($2.46 in chips) 
VascoSerg: posts small blind $0.02
Dorex2007: posts big blind $0.05
tanyaa1956: sits out 
*** HOLE CARDS ***
Dealt to Dorex2007 [4h 7h]
hyuga309: folds 
linharesrocha: raises $0.25 to $0.30
Kallem28: folds 
picineli: folds 
skiraider: folds 
VascoSerg: folds 
Dorex2007: folds 
Uncalled bet ($0.25) returned to linharesrocha
linharesrocha collected $0.12 from pot
*** SUMMARY ***
Total pot $0.12 | Rake $0 
Seat 2: linharesrocha collected ($0.12)
Seat 3: Kallem28 folded before Flop (didn't bet)
Seat 4: picineli folded before Flop (didn't bet)
Seat 5: skiraider (button) folded before Flop (didn't bet)
Seat 6: VascoSerg (small blind) folded before Flop
Seat 7: Dorex2007 (big blind) folded before Flop
Seat 8: hyuga309 folded before Flop (didn't bet)



PokerStars Hand #237995931096:  Hold'em No Limit ($0.02/$0.05 USD) - 2022/08/14 17:17:22 PT [2022/08/14 20:17:22 ET]
Table 'Marceline III' 9-max Seat #6 is the button
Seat 1: tanyaa1956 ($5 in chips) 
Seat 2: linharesrocha ($4.76 in chips) 
Seat 3: Kallem28 ($5.22 in chips) 
Seat 4: picineli ($2.41 in chips) 
Seat 5: skiraider ($1.79 in chips) 
Seat 6: VascoSerg ($5.03 in chips) 
Seat 7: Dorex2007 ($5.69 in chips) 
hyuga309 leaves the table
Dorex2007: posts small blind $0.02
tanyaa1956: posts big blind $0.05
*** HOLE CARDS ***
Dealt to Dorex2007 [Ts Qh]
linharesrocha: folds 
Kallem28: folds 
picineli: calls $0.05
skiraider: raises $0.05 to $0.10
VascoSerg: folds 
Dorex2007: folds 
tanyaa1956: folds 
picineli: raises $0.10 to $0.20
skiraider: calls $0.10
*** FLOP *** [8c Ac 5h]
picineli: checks 
skiraider: checks 
*** TURN *** [8c Ac 5h] [7d]
picineli: checks 
skiraider: checks 
*** RIVER *** [8c Ac 5h 7d] [8h]
picineli: bets $0.45
skiraider: folds 
Uncalled bet ($0.45) returned to picineli
picineli collected $0.45 from pot
picineli: doesn't show hand 
*** SUMMARY ***
Total pot $0.47 | Rake $0.02 
Board [8c Ac 5h 7d 8h]
Seat 1: tanyaa1956 (big blind) folded before Flop
Seat 2: linharesrocha folded before Flop (didn't bet)
Seat 3: Kallem28 folded before Flop (didn't bet)
Seat 4: picineli collected ($0.45)
Seat 5: skiraider folded on the River
Seat 6: VascoSerg (button) folded before Flop (didn't bet)
Seat 7: Dorex2007 (small blind) folded before Flop



