PokerStars Hand #237975580431:  Hold'em No Limit ($0.02/$0.05 USD) - 2022/08/13 17:58:59 PT [2022/08/13 20:58:59 ET]
Table 'Zaniah' 9-max Seat #2 is the button
Seat 1: Dorex2007 ($5 in chips) 
Seat 2: Al_pkr_plyr ($5 in chips) 
Seat 3: cr@sh test ($9.77 in chips) 
Seat 4: WNovais ($4.93 in chips) 
Seat 5: AGVsmarT ($7.66 in chips) 
Seat 6: In-Solem ($6.11 in chips) 
Seat 8: Alfie383 ($4.95 in chips) 
Seat 9: M1k43l0p ($7.80 in chips) 
cr@sh test: posts small blind $0.02
WNovais: posts big blind $0.05
Dorex2007: posts big blind $0.05
*** HOLE CARDS ***
Dealt to Dorex2007 [4d Js]
AGVsmarT: folds 
In-Solem: folds 
Alfie383: raises $0.05 to $0.10
M1k43l0p: folds 
Dorex2007: folds 
Al_pkr_plyr: folds 
cr@sh test: folds 
WNovais: calls $0.05
*** FLOP *** [4c 9c 9s]
WNovais: checks 
Alfie383: bets $0.10
WNovais: folds 
Uncalled bet ($0.10) returned to Alfie383
Alfie383 collected $0.26 from pot
Alfie383: doesn't show hand 
*** SUMMARY ***
Total pot $0.27 | Rake $0.01 
Board [4c 9c 9s]
Seat 1: Dorex2007 folded before Flop (didn't bet)
Seat 2: Al_pkr_plyr (button) folded before Flop (didn't bet)
Seat 3: cr@sh test (small blind) folded before Flop
Seat 4: WNovais (big blind) folded on the Flop
Seat 5: AGVsmarT folded before Flop (didn't bet)
Seat 6: In-Solem folded before Flop (didn't bet)
Seat 8: Alfie383 collected ($0.26)
Seat 9: M1k43l0p folded before Flop (didn't bet)



PokerStars Hand #237975590183:  Hold'em No Limit ($0.02/$0.05 USD) - 2022/08/13 17:59:57 PT [2022/08/13 20:59:57 ET]
Table 'Zaniah' 9-max Seat #3 is the button
Seat 1: Dorex2007 ($5 in chips) 
Seat 2: Al_pkr_plyr ($5 in chips) 
Seat 3: cr@sh test ($9.75 in chips) 
Seat 4: WNovais ($4.83 in chips) 
Seat 5: AGVsmarT ($7.66 in chips) 
Seat 6: In-Solem ($6.11 in chips) 
Seat 8: Alfie383 ($5.11 in chips) 
Seat 9: M1k43l0p ($7.80 in chips) 
WNovais: posts small blind $0.02
AGVsmarT: posts big blind $0.05
*** HOLE CARDS ***
Dealt to Dorex2007 [8c Qd]
In-Solem: folds 
Alfie383: calls $0.05
M1k43l0p: folds 
Dorex2007: folds 
Al_pkr_plyr: folds 
cr@sh test: raises $0.07 to $0.12
WNovais: calls $0.10
AGVsmarT has timed out
AGVsmarT: folds 
Alfie383: calls $0.07
*** FLOP *** [2c 7c 3d]
WNovais: bets $0.19
Alfie383: folds 
cr@sh test: folds 
Uncalled bet ($0.19) returned to WNovais
WNovais collected $0.39 from pot
*** SUMMARY ***
Total pot $0.41 | Rake $0.02 
Board [2c 7c 3d]
Seat 1: Dorex2007 folded before Flop (didn't bet)
Seat 2: Al_pkr_plyr folded before Flop (didn't bet)
Seat 3: cr@sh test (button) folded on the Flop
Seat 4: WNovais (small blind) collected ($0.39)
Seat 5: AGVsmarT (big blind) folded before Flop
Seat 6: In-Solem folded before Flop (didn't bet)
Seat 8: Alfie383 folded on the Flop
Seat 9: M1k43l0p folded before Flop (didn't bet)



PokerStars Hand #237975605275:  Hold'em No Limit ($0.02/$0.05 USD) - 2022/08/13 18:01:19 PT [2022/08/13 21:01:19 ET]
Table 'Zaniah' 9-max Seat #4 is the button
Seat 1: Dorex2007 ($5 in chips) 
Seat 2: Al_pkr_plyr ($5 in chips) 
Seat 3: cr@sh test ($9.63 in chips) 
Seat 4: WNovais ($5.10 in chips) 
Seat 6: In-Solem ($6.11 in chips) 
Seat 7: losmerca ($5 in chips) 
Seat 8: Alfie383 ($4.99 in chips) 
Seat 9: M1k43l0p ($7.80 in chips) 
In-Solem: posts small blind $0.02
losmerca: posts big blind $0.05
*** HOLE CARDS ***
Dealt to Dorex2007 [Ts 8h]
Alfie383: folds 
M1k43l0p: folds 
Dorex2007 has timed out
Dorex2007: folds 
Al_pkr_plyr: folds 
cr@sh test: folds 
WNovais: raises $0.05 to $0.10
In-Solem: calls $0.08
losmerca: folds 
*** FLOP *** [Jd Qc 9h]
In-Solem: checks 
WNovais: bets $0.10
In-Solem: folds 
Uncalled bet ($0.10) returned to WNovais
WNovais collected $0.24 from pot
WNovais: doesn't show hand 
*** SUMMARY ***
Total pot $0.25 | Rake $0.01 
Board [Jd Qc 9h]
Seat 1: Dorex2007 folded before Flop (didn't bet)
Seat 2: Al_pkr_plyr folded before Flop (didn't bet)
Seat 3: cr@sh test folded before Flop (didn't bet)
Seat 4: WNovais (button) collected ($0.24)
Seat 6: In-Solem (small blind) folded on the Flop
Seat 7: losmerca (big blind) folded before Flop
Seat 8: Alfie383 folded before Flop (didn't bet)
Seat 9: M1k43l0p folded before Flop (didn't bet)



PokerStars Hand #237975619347:  Hold'em No Limit ($0.02/$0.05 USD) - 2022/08/13 18:02:30 PT [2022/08/13 21:02:30 ET]
Table 'Zaniah' 9-max Seat #7 is the button
Seat 1: Dorex2007 ($5 in chips) 
Seat 2: Al_pkr_plyr ($5 in chips) 
Seat 3: cr@sh test ($9.63 in chips) 
Seat 4: WNovais ($5.24 in chips) 
Seat 6: In-Solem ($6.01 in chips) 
Seat 7: losmerca ($4.93 in chips) 
Seat 8: Alfie383 ($5.01 in chips) 
Seat 9: M1k43l0p ($7.80 in chips) 
Alfie383: posts small blind $0.02
M1k43l0p: posts big blind $0.05
*** HOLE CARDS ***
Dealt to Dorex2007 [Ac 5d]
Dorex2007: folds 
Al_pkr_plyr: folds 
cr@sh test: folds 
WNovais: raises $0.05 to $0.10
In-Solem: folds 
losmerca: folds 
Alfie383: calls $0.08
M1k43l0p: folds 
*** FLOP *** [6h 9d Kh]
Alfie383: checks 
WNovais: bets $0.10
Alfie383: folds 
Uncalled bet ($0.10) returned to WNovais
WNovais collected $0.24 from pot
WNovais: doesn't show hand 
*** SUMMARY ***
Total pot $0.25 | Rake $0.01 
Board [6h 9d Kh]
Seat 1: Dorex2007 folded before Flop (didn't bet)
Seat 2: Al_pkr_plyr folded before Flop (didn't bet)
Seat 3: cr@sh test folded before Flop (didn't bet)
Seat 4: WNovais collected ($0.24)
Seat 6: In-Solem folded before Flop (didn't bet)
Seat 7: losmerca (button) folded before Flop (didn't bet)
Seat 8: Alfie383 (small blind) folded on the Flop
Seat 9: M1k43l0p (big blind) folded before Flop



PokerStars Hand #237975636169:  Hold'em No Limit ($0.02/$0.05 USD) - 2022/08/13 18:03:16 PT [2022/08/13 21:03:16 ET]
Table 'Zaniah' 9-max Seat #8 is the button
Seat 1: Dorex2007 ($5 in chips) 
Seat 2: Al_pkr_plyr ($5 in chips) 
Seat 3: cr@sh test ($9.63 in chips) 
Seat 4: WNovais ($5.38 in chips) 
Seat 6: In-Solem ($6.01 in chips) 
Seat 7: losmerca ($4.93 in chips) 
Seat 8: Alfie383 ($4.91 in chips) 
Seat 9: M1k43l0p ($7.75 in chips) 
M1k43l0p: posts small blind $0.02
Dorex2007: posts big blind $0.05
*** HOLE CARDS ***
Dealt to Dorex2007 [Jc 4c]
Al_pkr_plyr: folds 
cr@sh test: folds 
WNovais: folds 
In-Solem: folds 
Al_pkr_plyr leaves the table
losmerca: raises $0.05 to $0.10
Alfie383: raises $0.05 to $0.15
M1k43l0p: folds 
Dorex2007: folds 
losmerca: calls $0.05
*** FLOP *** [Th 6s Jh]
losmerca: checks 
Alfie383: bets $0.17
losmerca: calls $0.17
*** TURN *** [Th 6s Jh] [Ad]
losmerca: checks 
Alfie383: checks 
*** RIVER *** [Th 6s Jh Ad] [5s]
losmerca: checks 
Alfie383: bets $0.40
losmerca: calls $0.40
*** SHOW DOWN ***
Alfie383: shows [Kh Qs] (a straight, Ten to Ace)
losmerca: mucks hand 
Alfie383 collected $1.45 from pot
*** SUMMARY ***
Total pot $1.51 | Rake $0.06 
Board [Th 6s Jh Ad 5s]
Seat 1: Dorex2007 (big blind) folded before Flop
Seat 2: Al_pkr_plyr folded before Flop (didn't bet)
Seat 3: cr@sh test folded before Flop (didn't bet)
Seat 4: WNovais folded before Flop (didn't bet)
Seat 6: In-Solem folded before Flop (didn't bet)
Seat 7: losmerca mucked [Kc Jd]
Seat 8: Alfie383 (button) showed [Kh Qs] and won ($1.45) with a straight, Ten to Ace
Seat 9: M1k43l0p (small blind) folded before Flop



PokerStars Hand #237975648630:  Hold'em No Limit ($0.02/$0.05 USD) - 2022/08/13 18:04:18 PT [2022/08/13 21:04:18 ET]
Table 'Zaniah' 9-max Seat #9 is the button
Seat 1: Dorex2007 ($5 in chips) 
Seat 3: cr@sh test ($9.63 in chips) 
Seat 4: WNovais ($5.38 in chips) 
Seat 6: In-Solem ($6.01 in chips) 
Seat 7: losmerca ($4.21 in chips) 
Seat 8: Alfie383 ($5.64 in chips) 
Seat 9: M1k43l0p ($7.73 in chips) 
Dorex2007: posts small blind $0.02
cr@sh test: posts big blind $0.05
*** HOLE CARDS ***
Dealt to Dorex2007 [Qc Jh]
WNovais: folds 
In-Solem: folds 
losmerca: raises $0.05 to $0.10
Alfie383: folds 
M1k43l0p: folds 
gälmich joins the table at seat #2 
Dorex2007: calls $0.08
cr@sh test: folds 
*** FLOP *** [8s 2s 6d]
Dorex2007: bets $0.24
losmerca: folds 
Uncalled bet ($0.24) returned to Dorex2007
Dorex2007 collected $0.24 from pot
Dorex2007: doesn't show hand 
*** SUMMARY ***
Total pot $0.25 | Rake $0.01 
Board [8s 2s 6d]
Seat 1: Dorex2007 (small blind) collected ($0.24)
Seat 3: cr@sh test (big blind) folded before Flop
Seat 4: WNovais folded before Flop (didn't bet)
Seat 6: In-Solem folded before Flop (didn't bet)
Seat 7: losmerca folded on the Flop
Seat 8: Alfie383 folded before Flop (didn't bet)
Seat 9: M1k43l0p (button) folded before Flop (didn't bet)



PokerStars Hand #237975660013:  Hold'em No Limit ($0.02/$0.05 USD) - 2022/08/13 18:05:14 PT [2022/08/13 21:05:14 ET]
Table 'Zaniah' 9-max Seat #1 is the button
Seat 1: Dorex2007 ($5.14 in chips) 
Seat 3: cr@sh test ($9.58 in chips) 
Seat 4: WNovais ($5.38 in chips) 
Seat 6: In-Solem ($6.01 in chips) 
Seat 7: losmerca ($4.11 in chips) 
Seat 8: Alfie383 ($5.64 in chips) 
Seat 9: M1k43l0p ($7.73 in chips) 
cr@sh test: posts small blind $0.02
WNovais: posts big blind $0.05
AGVsmarT: sits out 
*** HOLE CARDS ***
Dealt to Dorex2007 [Qh Js]
In-Solem: folds 
losmerca has timed out
losmerca: folds 
Alfie383: calls $0.05
M1k43l0p: calls $0.05
Dorex2007: raises $0.25 to $0.30
cr@sh test: folds 
WNovais: folds 
Alfie383: folds 
M1k43l0p: folds 
Uncalled bet ($0.25) returned to Dorex2007
Dorex2007 collected $0.22 from pot
Dorex2007: doesn't show hand 
*** SUMMARY ***
Total pot $0.22 | Rake $0 
Seat 1: Dorex2007 (button) collected ($0.22)
Seat 3: cr@sh test (small blind) folded before Flop
Seat 4: WNovais (big blind) folded before Flop
Seat 6: In-Solem folded before Flop (didn't bet)
Seat 7: losmerca folded before Flop (didn't bet)
Seat 8: Alfie383 folded before Flop
Seat 9: M1k43l0p folded before Flop



PokerStars Hand #237975670129:  Hold'em No Limit ($0.02/$0.05 USD) - 2022/08/13 18:06:01 PT [2022/08/13 21:06:01 ET]
Table 'Zaniah' 9-max Seat #3 is the button
Seat 1: Dorex2007 ($5.31 in chips) 
Seat 2: gälmich ($4.25 in chips) 
Seat 3: cr@sh test ($9.56 in chips) 
Seat 4: WNovais ($5.33 in chips) 
Seat 5: AGVsmarT ($7.61 in chips) 
Seat 6: In-Solem ($6.01 in chips) 
Seat 7: losmerca ($4.11 in chips) 
Seat 8: Alfie383 ($5.59 in chips) 
Seat 9: M1k43l0p ($7.68 in chips) 
WNovais: posts small blind $0.02
AGVsmarT: posts big blind $0.05
gälmich: posts big blind $0.05
*** HOLE CARDS ***
Dealt to Dorex2007 [2h 5h]
In-Solem: raises $0.10 to $0.15
losmerca: folds 
Alfie383: calls $0.15
M1k43l0p: folds 
Dorex2007: folds 
gälmich: calls $0.10
cr@sh test: folds 
WNovais: folds 
AGVsmarT: calls $0.10
*** FLOP *** [2d As Js]
AGVsmarT: checks 
In-Solem: bets $0.30
Alfie383: calls $0.30
gälmich: calls $0.30
AGVsmarT: folds 
*** TURN *** [2d As Js] [4c]
In-Solem: bets $0.45
Alfie383: calls $0.45
gälmich: calls $0.45
*** RIVER *** [2d As Js 4c] [2s]
In-Solem: checks 
Alfie383: bets $0.85
gälmich: folds 
In-Solem: folds 
Uncalled bet ($0.85) returned to Alfie383
Alfie383 collected $2.75 from pot
Alfie383: doesn't show hand 
*** SUMMARY ***
Total pot $2.87 | Rake $0.12 
Board [2d As Js 4c 2s]
Seat 1: Dorex2007 folded before Flop (didn't bet)
Seat 2: gälmich folded on the River
Seat 3: cr@sh test (button) folded before Flop (didn't bet)
Seat 4: WNovais (small blind) folded before Flop
Seat 5: AGVsmarT (big blind) folded on the Flop
Seat 6: In-Solem folded on the River
Seat 7: losmerca folded before Flop (didn't bet)
Seat 8: Alfie383 collected ($2.75)
Seat 9: M1k43l0p folded before Flop (didn't bet)



PokerStars Hand #237975690823:  Hold'em No Limit ($0.02/$0.05 USD) - 2022/08/13 18:07:44 PT [2022/08/13 21:07:44 ET]
Table 'Zaniah' 9-max Seat #4 is the button
Seat 1: Dorex2007 ($5.31 in chips) 
Seat 2: gälmich ($3.35 in chips) 
Seat 3: cr@sh test ($9.56 in chips) 
Seat 4: WNovais ($5.31 in chips) 
Seat 5: AGVsmarT ($7.46 in chips) 
Seat 6: In-Solem ($5.11 in chips) 
Seat 7: losmerca ($4.11 in chips) 
Seat 8: Alfie383 ($7.44 in chips) 
Seat 9: M1k43l0p ($7.68 in chips) 
AGVsmarT: posts small blind $0.02
In-Solem: posts big blind $0.05
*** HOLE CARDS ***
Dealt to Dorex2007 [8c 3s]
losmerca: folds 
Alfie383: raises $0.05 to $0.10
M1k43l0p: folds 
Dorex2007: folds 
gälmich: calls $0.10
cr@sh test: raises $0.25 to $0.35
WNovais: folds 
AGVsmarT: folds 
In-Solem: folds 
Alfie383: folds 
gälmich: calls $0.25
*** FLOP *** [5h 2c 9c]
gälmich: checks 
cr@sh test: bets $0.50
gälmich: folds 
Uncalled bet ($0.50) returned to cr@sh test
cr@sh test collected $0.83 from pot
cr@sh test: doesn't show hand 
*** SUMMARY ***
Total pot $0.87 | Rake $0.04 
Board [5h 2c 9c]
Seat 1: Dorex2007 folded before Flop (didn't bet)
Seat 2: gälmich folded on the Flop
Seat 3: cr@sh test collected ($0.83)
Seat 4: WNovais (button) folded before Flop (didn't bet)
Seat 5: AGVsmarT (small blind) folded before Flop
Seat 6: In-Solem (big blind) folded before Flop
Seat 7: losmerca folded before Flop (didn't bet)
Seat 8: Alfie383 folded before Flop
Seat 9: M1k43l0p folded before Flop (didn't bet)



PokerStars Hand #237975701614:  Hold'em No Limit ($0.02/$0.05 USD) - 2022/08/13 18:08:32 PT [2022/08/13 21:08:32 ET]
Table 'Zaniah' 9-max Seat #5 is the button
Seat 1: Dorex2007 ($5.31 in chips) 
Seat 2: gälmich ($3 in chips) 
Seat 3: cr@sh test ($10.04 in chips) 
Seat 4: WNovais ($5.31 in chips) 
Seat 5: AGVsmarT ($7.44 in chips) 
Seat 6: In-Solem ($5.06 in chips) 
Seat 7: losmerca ($4.11 in chips) 
Seat 8: Alfie383 ($7.34 in chips) 
Seat 9: M1k43l0p ($7.68 in chips) 
In-Solem: posts small blind $0.02
losmerca: posts big blind $0.05
*** HOLE CARDS ***
Dealt to Dorex2007 [4d 4s]
Alfie383: calls $0.05
M1k43l0p: folds 
Dorex2007: calls $0.05
gälmich: folds 
cr@sh test: folds 
WNovais: calls $0.05
AGVsmarT: folds 
In-Solem: calls $0.03
losmerca: checks 
*** FLOP *** [Ah 8c 7d]
In-Solem: checks 
losmerca: checks 
Alfie383: bets $0.10
Dorex2007: folds 
WNovais: folds 
In-Solem: calls $0.10
losmerca: folds 
*** TURN *** [Ah 8c 7d] [3s]
In-Solem: checks 
Alfie383: checks 
*** RIVER *** [Ah 8c 7d 3s] [9c]
In-Solem: checks 
Alfie383: checks 
*** SHOW DOWN ***
In-Solem: shows [4c Ad] (a pair of Aces)
Alfie383: mucks hand 
In-Solem collected $0.43 from pot
*** SUMMARY ***
Total pot $0.45 | Rake $0.02 
Board [Ah 8c 7d 3s 9c]
Seat 1: Dorex2007 folded on the Flop
Seat 2: gälmich folded before Flop (didn't bet)
Seat 3: cr@sh test folded before Flop (didn't bet)
Seat 4: WNovais folded on the Flop
Seat 5: AGVsmarT (button) folded before Flop (didn't bet)
Seat 6: In-Solem (small blind) showed [4c Ad] and won ($0.43) with a pair of Aces
Seat 7: losmerca (big blind) folded on the Flop
Seat 8: Alfie383 mucked [6d 8d]
Seat 9: M1k43l0p folded before Flop (didn't bet)



PokerStars Hand #237975715087:  Hold'em No Limit ($0.02/$0.05 USD) - 2022/08/13 18:09:40 PT [2022/08/13 21:09:40 ET]
Table 'Zaniah' 9-max Seat #6 is the button
Seat 1: Dorex2007 ($5.26 in chips) 
Seat 2: gälmich ($3 in chips) 
Seat 3: cr@sh test ($10.04 in chips) 
Seat 4: WNovais ($5.26 in chips) 
Seat 5: AGVsmarT ($7.44 in chips) 
Seat 6: In-Solem ($5.34 in chips) 
Seat 7: losmerca ($4.06 in chips) 
Seat 8: Alfie383 ($7.19 in chips) 
Seat 9: M1k43l0p ($7.68 in chips) 
losmerca: posts small blind $0.02
Alfie383: posts big blind $0.05
*** HOLE CARDS ***
Dealt to Dorex2007 [As Jc]
M1k43l0p: folds 
Dorex2007: raises $0.15 to $0.20
gälmich: folds 
cr@sh test: folds 
WNovais: folds 
AGVsmarT: folds 
In-Solem: folds 
losmerca: folds 
Alfie383: folds 
Uncalled bet ($0.15) returned to Dorex2007
Dorex2007 collected $0.12 from pot
Dorex2007: doesn't show hand 
*** SUMMARY ***
Total pot $0.12 | Rake $0 
Seat 1: Dorex2007 collected ($0.12)
Seat 2: gälmich folded before Flop (didn't bet)
Seat 3: cr@sh test folded before Flop (didn't bet)
Seat 4: WNovais folded before Flop (didn't bet)
Seat 5: AGVsmarT folded before Flop (didn't bet)
Seat 6: In-Solem (button) folded before Flop (didn't bet)
Seat 7: losmerca (small blind) folded before Flop
Seat 8: Alfie383 (big blind) folded before Flop
Seat 9: M1k43l0p folded before Flop (didn't bet)



PokerStars Hand #237975722026:  Hold'em No Limit ($0.02/$0.05 USD) - 2022/08/13 18:10:16 PT [2022/08/13 21:10:16 ET]
Table 'Zaniah' 9-max Seat #7 is the button
Seat 1: Dorex2007 ($5.33 in chips) 
Seat 2: gälmich ($3 in chips) 
Seat 4: WNovais ($5.26 in chips) 
Seat 5: AGVsmarT ($7.44 in chips) 
Seat 6: In-Solem ($5.34 in chips) 
Seat 7: losmerca ($4.04 in chips) 
Seat 8: Alfie383 ($7.14 in chips) 
Seat 9: M1k43l0p ($7.68 in chips) 
Alfie383: posts small blind $0.02
M1k43l0p: posts big blind $0.05
*** HOLE CARDS ***
Dealt to Dorex2007 [Qd As]
cr@sh test leaves the table
Dorex2007: raises $0.10 to $0.15
gälmich: folds 
WNovais: folds 
gälmich leaves the table
AGVsmarT: folds 
In-Solem: folds 
losmerca has timed out
losmerca: folds 
Alfie383: calls $0.13
M1k43l0p: folds 
*** FLOP *** [6d 5h Ah]
losmerca leaves the table
Alfie383: checks 
Dorex2007: bets $0.34
Alfie383: calls $0.34
*** TURN *** [6d 5h Ah] [Jh]
Alfie383: checks 
Dorex2007: checks 
*** RIVER *** [6d 5h Ah Jh] [8h]
Alfie383: bets $0.49
Dorex2007: calls $0.49
*** SHOW DOWN ***
Alfie383: shows [7c 7d] (a pair of Sevens)
Dorex2007: shows [Qd As] (a pair of Aces)
Dorex2007 collected $1.93 from pot
*** SUMMARY ***
Total pot $2.01 | Rake $0.08 
Board [6d 5h Ah Jh 8h]
Seat 1: Dorex2007 showed [Qd As] and won ($1.93) with a pair of Aces
Seat 2: gälmich folded before Flop (didn't bet)
Seat 4: WNovais folded before Flop (didn't bet)
Seat 5: AGVsmarT folded before Flop (didn't bet)
Seat 6: In-Solem folded before Flop (didn't bet)
Seat 7: losmerca (button) folded before Flop (didn't bet)
Seat 8: Alfie383 (small blind) showed [7c 7d] and lost with a pair of Sevens
Seat 9: M1k43l0p (big blind) folded before Flop



PokerStars Hand #237975739118:  Hold'em No Limit ($0.02/$0.05 USD) - 2022/08/13 18:11:43 PT [2022/08/13 21:11:43 ET]
Table 'Zaniah' 9-max Seat #8 is the button
Seat 1: Dorex2007 ($6.28 in chips) 
Seat 4: WNovais ($5.26 in chips) 
Seat 5: AGVsmarT ($7.44 in chips) 
Seat 6: In-Solem ($5.34 in chips) 
Seat 8: Alfie383 ($6.16 in chips) 
Seat 9: M1k43l0p ($7.63 in chips) 
M1k43l0p: posts small blind $0.02
Dorex2007: posts big blind $0.05
*** HOLE CARDS ***
Dealt to Dorex2007 [Kc 6d]
WNovais: folds 
AGVsmarT: folds 
In-Solem: folds 
Alfie383: folds 
M1k43l0p: folds 
Uncalled bet ($0.03) returned to Dorex2007
Dorex2007 collected $0.04 from pot
Dorex2007: doesn't show hand 
*** SUMMARY ***
Total pot $0.04 | Rake $0 
Seat 1: Dorex2007 (big blind) collected ($0.04)
Seat 4: WNovais folded before Flop (didn't bet)
Seat 5: AGVsmarT folded before Flop (didn't bet)
Seat 6: In-Solem folded before Flop (didn't bet)
Seat 8: Alfie383 (button) folded before Flop (didn't bet)
Seat 9: M1k43l0p (small blind) folded before Flop



PokerStars Hand #237975741413:  Hold'em No Limit ($0.02/$0.05 USD) - 2022/08/13 18:11:54 PT [2022/08/13 21:11:54 ET]
Table 'Zaniah' 9-max Seat #9 is the button
Seat 1: Dorex2007 ($6.30 in chips) 
Seat 4: WNovais ($5.26 in chips) 
Seat 5: AGVsmarT ($7.44 in chips) 
Seat 6: In-Solem ($5.34 in chips) 
Seat 8: Alfie383 ($6.16 in chips) 
Seat 9: M1k43l0p ($7.61 in chips) 
Dorex2007: posts small blind $0.02
WNovais: posts big blind $0.05
*** HOLE CARDS ***
Dealt to Dorex2007 [Ks Jc]
AGVsmarT: folds 
In-Solem: folds 
Alfie383: raises $0.05 to $0.10
M1k43l0p: folds 
Dorex2007: folds 
WNovais: calls $0.05
*** FLOP *** [Jd 5c 5h]
WNovais: checks 
Alfie383: bets $0.21
WNovais: folds 
Uncalled bet ($0.21) returned to Alfie383
Alfie383 collected $0.21 from pot
Alfie383: doesn't show hand 
*** SUMMARY ***
Total pot $0.22 | Rake $0.01 
Board [Jd 5c 5h]
Seat 1: Dorex2007 (small blind) folded before Flop
Seat 4: WNovais (big blind) folded on the Flop
Seat 5: AGVsmarT folded before Flop (didn't bet)
Seat 6: In-Solem folded before Flop (didn't bet)
Seat 8: Alfie383 collected ($0.21)
Seat 9: M1k43l0p (button) folded before Flop (didn't bet)



PokerStars Hand #237975747240:  Hold'em No Limit ($0.02/$0.05 USD) - 2022/08/13 18:12:24 PT [2022/08/13 21:12:24 ET]
Table 'Zaniah' 9-max Seat #1 is the button
Seat 1: Dorex2007 ($6.28 in chips) 
Seat 4: WNovais ($5.16 in chips) 
Seat 5: AGVsmarT ($7.44 in chips) 
Seat 6: In-Solem ($5.34 in chips) 
Seat 8: Alfie383 ($6.27 in chips) 
Seat 9: M1k43l0p ($7.61 in chips) 
WNovais: posts small blind $0.02
AGVsmarT: posts big blind $0.05
*** HOLE CARDS ***
Dealt to Dorex2007 [As 7s]
In-Solem: folds 
Alfie383: folds 
M1k43l0p: folds 
Dorex2007: raises $0.15 to $0.20
WNovais: calls $0.18
AGVsmarT: folds 
*** FLOP *** [Ts Qc 8h]
WNovais: bets $0.21
Dorex2007: folds 
Uncalled bet ($0.21) returned to WNovais
WNovais collected $0.43 from pot
WNovais: doesn't show hand 
*** SUMMARY ***
Total pot $0.45 | Rake $0.02 
Board [Ts Qc 8h]
Seat 1: Dorex2007 (button) folded on the Flop
Seat 4: WNovais (small blind) collected ($0.43)
Seat 5: AGVsmarT (big blind) folded before Flop
Seat 6: In-Solem folded before Flop (didn't bet)
Seat 8: Alfie383 folded before Flop (didn't bet)
Seat 9: M1k43l0p folded before Flop (didn't bet)



