PokerStars Hand #238570531270:  Hold'em No Limit ($0.05/$0.10 USD) - 2022/09/11 16:40:32 PT [2022/09/11 19:40:32 ET]
Table 'Aconcagua II' 9-max Seat #4 is the button
Seat 1: justyachting ($9.41 in chips) 
Seat 2: KirillWind ($11.48 in chips) 
Seat 3: Dorex2007 ($10 in chips) 
Seat 4: beaucoupjoir ($10.05 in chips) 
Seat 5: polly727 ($28.81 in chips) 
Seat 6: magublagin ($9.96 in chips) 
Seat 7: Francdzo ($13.96 in chips) 
Seat 8: twich7belo ($3.90 in chips) 
Seat 9: lladnar1130 ($12.31 in chips) 
polly727: posts small blind $0.05
magublagin: posts big blind $0.10
Dorex2007: posts big blind $0.10
*** HOLE CARDS ***
Dealt to Dorex2007 [Js Td]
Francdzo: folds 
twich7belo: folds 
lladnar1130: folds 
justyachting: folds 
KirillWind: folds 
Dorex2007: checks 
beaucoupjoir: raises $0.30 to $0.40
polly727: folds 
magublagin: folds 
Dorex2007: folds 
Uncalled bet ($0.30) returned to beaucoupjoir
beaucoupjoir collected $0.35 from pot
beaucoupjoir: doesn't show hand 
*** SUMMARY ***
Total pot $0.35 | Rake $0 
Seat 1: justyachting folded before Flop (didn't bet)
Seat 2: KirillWind folded before Flop (didn't bet)
Seat 3: Dorex2007 folded before Flop (didn't bet)
Seat 4: beaucoupjoir (button) collected ($0.35)
Seat 5: polly727 (small blind) folded before Flop
Seat 6: magublagin (big blind) folded before Flop
Seat 7: Francdzo folded before Flop (didn't bet)
Seat 8: twich7belo folded before Flop (didn't bet)
Seat 9: lladnar1130 folded before Flop (didn't bet)



PokerStars Hand #238570537939:  Hold'em No Limit ($0.05/$0.10 USD) - 2022/09/11 16:40:59 PT [2022/09/11 19:40:59 ET]
Table 'Aconcagua II' 9-max Seat #5 is the button
Seat 1: justyachting ($9.41 in chips) 
Seat 2: KirillWind ($11.48 in chips) 
Seat 3: Dorex2007 ($10 in chips) 
Seat 4: beaucoupjoir ($10.30 in chips) 
Seat 5: polly727 ($28.76 in chips) 
Seat 6: magublagin ($9.86 in chips) 
Seat 7: Francdzo ($13.96 in chips) 
Seat 8: twich7belo ($3.90 in chips) 
Seat 9: lladnar1130 ($12.31 in chips) 
magublagin: posts small blind $0.05
Francdzo: posts big blind $0.10
*** HOLE CARDS ***
Dealt to Dorex2007 [9s Td]
twich7belo: raises $0.10 to $0.20
lladnar1130: folds 
justyachting: folds 
KirillWind: folds 
Dorex2007: folds 
beaucoupjoir: folds 
polly727: calls $0.20
magublagin: calls $0.15
Francdzo: folds 
*** FLOP *** [Kc 6d Qh]
magublagin: checks 
twich7belo: checks 
polly727: checks 
*** TURN *** [Kc 6d Qh] [Qs]
magublagin: checks 
twich7belo: bets $0.47
polly727: folds 
magublagin: folds 
Uncalled bet ($0.47) returned to twich7belo
twich7belo collected $0.67 from pot
twich7belo: doesn't show hand 
*** SUMMARY ***
Total pot $0.70 | Rake $0.03 
Board [Kc 6d Qh Qs]
Seat 1: justyachting folded before Flop (didn't bet)
Seat 2: KirillWind folded before Flop (didn't bet)
Seat 3: Dorex2007 folded before Flop (didn't bet)
Seat 4: beaucoupjoir folded before Flop (didn't bet)
Seat 5: polly727 (button) folded on the Turn
Seat 6: magublagin (small blind) folded on the Turn
Seat 7: Francdzo (big blind) folded before Flop
Seat 8: twich7belo collected ($0.67)
Seat 9: lladnar1130 folded before Flop (didn't bet)



PokerStars Hand #238570554288:  Hold'em No Limit ($0.05/$0.10 USD) - 2022/09/11 16:42:03 PT [2022/09/11 19:42:03 ET]
Table 'Aconcagua II' 9-max Seat #6 is the button
Seat 1: justyachting ($9.41 in chips) 
Seat 2: KirillWind ($11.48 in chips) 
Seat 3: Dorex2007 ($10 in chips) 
Seat 4: beaucoupjoir ($10.30 in chips) 
Seat 5: polly727 ($28.56 in chips) 
Seat 6: magublagin ($9.66 in chips) 
Seat 7: Francdzo ($13.86 in chips) 
Seat 8: twich7belo ($4.37 in chips) 
Seat 9: lladnar1130 ($12.31 in chips) 
Francdzo: posts small blind $0.05
twich7belo: posts big blind $0.10
*** HOLE CARDS ***
Dealt to Dorex2007 [Kd 8s]
lladnar1130: folds 
justyachting: folds 
KirillWind: folds 
Dorex2007: folds 
beaucoupjoir: folds 
polly727: folds 
magublagin: folds 
Francdzo: raises $0.20 to $0.30
twich7belo: folds 
Uncalled bet ($0.20) returned to Francdzo
Francdzo collected $0.20 from pot
Francdzo: doesn't show hand 
*** SUMMARY ***
Total pot $0.20 | Rake $0 
Seat 1: justyachting folded before Flop (didn't bet)
Seat 2: KirillWind folded before Flop (didn't bet)
Seat 3: Dorex2007 folded before Flop (didn't bet)
Seat 4: beaucoupjoir folded before Flop (didn't bet)
Seat 5: polly727 folded before Flop (didn't bet)
Seat 6: magublagin (button) folded before Flop (didn't bet)
Seat 7: Francdzo (small blind) collected ($0.20)
Seat 8: twich7belo (big blind) folded before Flop
Seat 9: lladnar1130 folded before Flop (didn't bet)



PokerStars Hand #238570560619:  Hold'em No Limit ($0.05/$0.10 USD) - 2022/09/11 16:42:28 PT [2022/09/11 19:42:28 ET]
Table 'Aconcagua II' 9-max Seat #7 is the button
Seat 1: justyachting ($9.41 in chips) 
Seat 2: KirillWind ($11.48 in chips) 
Seat 3: Dorex2007 ($10 in chips) 
Seat 4: beaucoupjoir ($10.30 in chips) 
Seat 5: polly727 ($28.56 in chips) 
Seat 6: magublagin ($9.66 in chips) 
Seat 7: Francdzo ($13.96 in chips) 
Seat 8: twich7belo ($4.27 in chips) 
Seat 9: lladnar1130 ($12.31 in chips) 
twich7belo: posts small blind $0.05
lladnar1130: posts big blind $0.10
*** HOLE CARDS ***
Dealt to Dorex2007 [Qh 6d]
justyachting: folds 
KirillWind: folds 
Dorex2007: folds 
beaucoupjoir: raises $0.20 to $0.30
polly727: folds 
magublagin: folds 
Francdzo: folds 
twich7belo: folds 
lladnar1130: folds 
Uncalled bet ($0.20) returned to beaucoupjoir
beaucoupjoir collected $0.25 from pot
beaucoupjoir: doesn't show hand 
*** SUMMARY ***
Total pot $0.25 | Rake $0 
Seat 1: justyachting folded before Flop (didn't bet)
Seat 2: KirillWind folded before Flop (didn't bet)
Seat 3: Dorex2007 folded before Flop (didn't bet)
Seat 4: beaucoupjoir collected ($0.25)
Seat 5: polly727 folded before Flop (didn't bet)
Seat 6: magublagin folded before Flop (didn't bet)
Seat 7: Francdzo (button) folded before Flop (didn't bet)
Seat 8: twich7belo (small blind) folded before Flop
Seat 9: lladnar1130 (big blind) folded before Flop



PokerStars Hand #238570566546:  Hold'em No Limit ($0.05/$0.10 USD) - 2022/09/11 16:42:52 PT [2022/09/11 19:42:52 ET]
Table 'Aconcagua II' 9-max Seat #8 is the button
Seat 1: justyachting ($9.41 in chips) 
Seat 2: KirillWind ($11.48 in chips) 
Seat 3: Dorex2007 ($10 in chips) 
Seat 4: beaucoupjoir ($10.45 in chips) 
Seat 5: polly727 ($28.56 in chips) 
Seat 6: magublagin ($9.66 in chips) 
Seat 7: Francdzo ($13.96 in chips) 
Seat 8: twich7belo ($4.22 in chips) 
Seat 9: lladnar1130 ($12.21 in chips) 
lladnar1130: posts small blind $0.05
justyachting: posts big blind $0.10
*** HOLE CARDS ***
Dealt to Dorex2007 [Ts 2d]
KirillWind: folds 
Dorex2007: folds 
beaucoupjoir: raises $0.20 to $0.30
polly727: folds 
magublagin: folds 
Francdzo: folds 
twich7belo: folds 
lladnar1130: folds 
justyachting: calls $0.20
*** FLOP *** [3h Ad 4d]
justyachting: checks 
beaucoupjoir: bets $0.20
justyachting: folds 
Uncalled bet ($0.20) returned to beaucoupjoir
beaucoupjoir collected $0.62 from pot
beaucoupjoir: doesn't show hand 
*** SUMMARY ***
Total pot $0.65 | Rake $0.03 
Board [3h Ad 4d]
Seat 1: justyachting (big blind) folded on the Flop
Seat 2: KirillWind folded before Flop (didn't bet)
Seat 3: Dorex2007 folded before Flop (didn't bet)
Seat 4: beaucoupjoir collected ($0.62)
Seat 5: polly727 folded before Flop (didn't bet)
Seat 6: magublagin folded before Flop (didn't bet)
Seat 7: Francdzo folded before Flop (didn't bet)
Seat 8: twich7belo (button) folded before Flop (didn't bet)
Seat 9: lladnar1130 (small blind) folded before Flop



PokerStars Hand #238570574949:  Hold'em No Limit ($0.05/$0.10 USD) - 2022/09/11 16:43:25 PT [2022/09/11 19:43:25 ET]
Table 'Aconcagua II' 9-max Seat #9 is the button
Seat 1: justyachting ($9.11 in chips) 
Seat 2: KirillWind ($11.48 in chips) 
Seat 3: Dorex2007 ($10 in chips) 
Seat 4: beaucoupjoir ($10.77 in chips) 
Seat 5: polly727 ($28.56 in chips) 
Seat 6: magublagin ($9.66 in chips) 
Seat 7: Francdzo ($13.96 in chips) 
Seat 8: twich7belo ($4.22 in chips) 
Seat 9: lladnar1130 ($12.16 in chips) 
justyachting: posts small blind $0.05
KirillWind: posts big blind $0.10
*** HOLE CARDS ***
Dealt to Dorex2007 [4d Qh]
Dorex2007: folds 
beaucoupjoir: folds 
polly727: folds 
magublagin: folds 
Francdzo: raises $0.20 to $0.30
twich7belo: folds 
lladnar1130: folds 
justyachting: folds 
KirillWind: calls $0.20
*** FLOP *** [Th 5h Qd]
KirillWind: checks 
Francdzo: bets $0.31
KirillWind: folds 
Uncalled bet ($0.31) returned to Francdzo
Francdzo collected $0.62 from pot
Francdzo: doesn't show hand 
*** SUMMARY ***
Total pot $0.65 | Rake $0.03 
Board [Th 5h Qd]
Seat 1: justyachting (small blind) folded before Flop
Seat 2: KirillWind (big blind) folded on the Flop
Seat 3: Dorex2007 folded before Flop (didn't bet)
Seat 4: beaucoupjoir folded before Flop (didn't bet)
Seat 5: polly727 folded before Flop (didn't bet)
Seat 6: magublagin folded before Flop (didn't bet)
Seat 7: Francdzo collected ($0.62)
Seat 8: twich7belo folded before Flop (didn't bet)
Seat 9: lladnar1130 (button) folded before Flop (didn't bet)



PokerStars Hand #238570583014:  Hold'em No Limit ($0.05/$0.10 USD) - 2022/09/11 16:43:57 PT [2022/09/11 19:43:57 ET]
Table 'Aconcagua II' 9-max Seat #1 is the button
Seat 1: justyachting ($9.06 in chips) 
Seat 2: KirillWind ($11.18 in chips) 
Seat 3: Dorex2007 ($10 in chips) 
Seat 4: beaucoupjoir ($10.77 in chips) 
Seat 5: polly727 ($28.56 in chips) 
Seat 6: magublagin ($9.66 in chips) 
Seat 7: Francdzo ($14.28 in chips) 
Seat 8: twich7belo ($4.22 in chips) 
Seat 9: lladnar1130 ($12.16 in chips) 
KirillWind: posts small blind $0.05
Dorex2007: posts big blind $0.10
*** HOLE CARDS ***
Dealt to Dorex2007 [6c 5h]
beaucoupjoir: folds 
polly727: folds 
magublagin: folds 
beaucoupjoir leaves the table
Francdzo: folds 
twich7belo: folds 
lladnar1130: raises $0.10 to $0.20
justyachting: folds 
KirillWind: folds 
Dorex2007: folds 
Uncalled bet ($0.10) returned to lladnar1130
lladnar1130 collected $0.25 from pot
lladnar1130: doesn't show hand 
*** SUMMARY ***
Total pot $0.25 | Rake $0 
Seat 1: justyachting (button) folded before Flop (didn't bet)
Seat 2: KirillWind (small blind) folded before Flop
Seat 3: Dorex2007 (big blind) folded before Flop
Seat 4: beaucoupjoir folded before Flop (didn't bet)
Seat 5: polly727 folded before Flop (didn't bet)
Seat 6: magublagin folded before Flop (didn't bet)
Seat 7: Francdzo folded before Flop (didn't bet)
Seat 8: twich7belo folded before Flop (didn't bet)
Seat 9: lladnar1130 collected ($0.25)



PokerStars Hand #238570586847:  Hold'em No Limit ($0.05/$0.10 USD) - 2022/09/11 16:44:13 PT [2022/09/11 19:44:13 ET]
Table 'Aconcagua II' 9-max Seat #2 is the button
Seat 1: justyachting ($9.06 in chips) 
Seat 2: KirillWind ($11.13 in chips) 
Seat 3: Dorex2007 ($10 in chips) 
Seat 5: polly727 ($28.56 in chips) 
Seat 6: magublagin ($9.66 in chips) 
Seat 7: Francdzo ($14.28 in chips) 
Seat 8: twich7belo ($4.22 in chips) 
Seat 9: lladnar1130 ($12.31 in chips) 
Dorex2007: posts small blind $0.05
polly727: posts big blind $0.10
*** HOLE CARDS ***
Dealt to Dorex2007 [Qs Ts]
KidPokerRO19 joins the table at seat #4 
magublagin: folds 
Francdzo: folds 
twich7belo: raises $0.10 to $0.20
lladnar1130: folds 
justyachting: calls $0.20
KirillWind: folds 
Dorex2007: folds 
polly727: folds 
*** FLOP *** [6d Ah Kc]
twich7belo: bets $0.23
justyachting: calls $0.23
*** TURN *** [6d Ah Kc] [9d]
twich7belo: bets $0.46
justyachting: raises $0.94 to $1.40
twich7belo: raises $2.39 to $3.79 and is all-in
justyachting: calls $2.39
*** RIVER *** [6d Ah Kc 9d] [Th]
*** SHOW DOWN ***
twich7belo: shows [Qd As] (a pair of Aces)
justyachting: shows [9c Ad] (two pair, Aces and Nines)
justyachting collected $8.20 from pot
*** SUMMARY ***
Total pot $8.59 | Rake $0.39 
Board [6d Ah Kc 9d Th]
Seat 1: justyachting showed [9c Ad] and won ($8.20) with two pair, Aces and Nines
Seat 2: KirillWind (button) folded before Flop (didn't bet)
Seat 3: Dorex2007 (small blind) folded before Flop
Seat 5: polly727 (big blind) folded before Flop
Seat 6: magublagin folded before Flop (didn't bet)
Seat 7: Francdzo folded before Flop (didn't bet)
Seat 8: twich7belo showed [Qd As] and lost with a pair of Aces
Seat 9: lladnar1130 folded before Flop (didn't bet)



PokerStars Hand #238570601748:  Hold'em No Limit ($0.05/$0.10 USD) - 2022/09/11 16:45:13 PT [2022/09/11 19:45:13 ET]
Table 'Aconcagua II' 9-max Seat #3 is the button
Seat 1: justyachting ($13.04 in chips) 
Seat 2: KirillWind ($11.13 in chips) 
Seat 3: Dorex2007 ($10 in chips) 
Seat 5: polly727 ($28.46 in chips) 
Seat 6: magublagin ($9.66 in chips) 
Seat 7: Francdzo ($14.28 in chips) 
Seat 9: lladnar1130 ($12.31 in chips) 
polly727: posts small blind $0.05
magublagin: posts big blind $0.10
*** HOLE CARDS ***
Dealt to Dorex2007 [Qc 2h]
Francdzo: folds 
lladnar1130: folds 
twich7belo leaves the table
justyachting: calls $0.10
KirillWind: folds 
Dorex2007: folds 
polly727: folds 
magublagin: checks 
*** FLOP *** [2d Kd Qh]
magublagin: checks 
MyTHaeBoka joins the table at seat #8 
justyachting: checks 
*** TURN *** [2d Kd Qh] [5d]
magublagin: bets $0.20
justyachting: folds 
Uncalled bet ($0.20) returned to magublagin
magublagin collected $0.24 from pot
*** SUMMARY ***
Total pot $0.25 | Rake $0.01 
Board [2d Kd Qh 5d]
Seat 1: justyachting folded on the Turn
Seat 2: KirillWind folded before Flop (didn't bet)
Seat 3: Dorex2007 (button) folded before Flop (didn't bet)
Seat 5: polly727 (small blind) folded before Flop
Seat 6: magublagin (big blind) collected ($0.24)
Seat 7: Francdzo folded before Flop (didn't bet)
Seat 9: lladnar1130 folded before Flop (didn't bet)



PokerStars Hand #238570610043:  Hold'em No Limit ($0.05/$0.10 USD) - 2022/09/11 16:45:46 PT [2022/09/11 19:45:46 ET]
Table 'Aconcagua II' 9-max Seat #5 is the button
Seat 1: justyachting ($12.94 in chips) 
Seat 2: KirillWind ($11.13 in chips) 
Seat 3: Dorex2007 ($10 in chips) 
Seat 4: KidPokerRO19 ($9.28 in chips) 
Seat 5: polly727 ($28.41 in chips) 
Seat 6: magublagin ($9.80 in chips) 
Seat 7: Francdzo ($14.28 in chips) 
Seat 8: MyTHaeBoka ($10 in chips) 
Seat 9: lladnar1130 ($12.31 in chips) 
magublagin: posts small blind $0.05
Francdzo: posts big blind $0.10
MyTHaeBoka: posts big blind $0.10
KidPokerRO19: posts big blind $0.10
*** HOLE CARDS ***
Dealt to Dorex2007 [4s 5s]
MyTHaeBoka: checks 
lladnar1130: folds 
justyachting has timed out
justyachting: folds 
KirillWind: folds 
Dorex2007: folds 
KidPokerRO19: raises $0.40 to $0.50
polly727: folds 
magublagin: folds 
Francdzo: folds 
MyTHaeBoka: folds 
Uncalled bet ($0.40) returned to KidPokerRO19
KidPokerRO19 collected $0.35 from pot
*** SUMMARY ***
Total pot $0.35 | Rake $0 
Seat 1: justyachting folded before Flop (didn't bet)
Seat 2: KirillWind folded before Flop (didn't bet)
Seat 3: Dorex2007 folded before Flop (didn't bet)
Seat 4: KidPokerRO19 collected ($0.35)
Seat 5: polly727 (button) folded before Flop (didn't bet)
Seat 6: magublagin (small blind) folded before Flop
Seat 7: Francdzo (big blind) folded before Flop
Seat 8: MyTHaeBoka folded before Flop (didn't bet)
Seat 9: lladnar1130 folded before Flop (didn't bet)



PokerStars Hand #238570617695:  Hold'em No Limit ($0.05/$0.10 USD) - 2022/09/11 16:46:16 PT [2022/09/11 19:46:16 ET]
Table 'Aconcagua II' 9-max Seat #6 is the button
Seat 1: justyachting ($12.94 in chips) 
Seat 2: KirillWind ($11.13 in chips) 
Seat 3: Dorex2007 ($10 in chips) 
Seat 4: KidPokerRO19 ($9.53 in chips) 
Seat 5: polly727 ($28.41 in chips) 
Seat 6: magublagin ($9.75 in chips) 
Seat 7: Francdzo ($14.18 in chips) 
Seat 8: MyTHaeBoka ($9.90 in chips) 
Seat 9: lladnar1130 ($12.31 in chips) 
Francdzo: posts small blind $0.05
MyTHaeBoka: posts big blind $0.10
*** HOLE CARDS ***
Dealt to Dorex2007 [7h 4d]
lladnar1130: folds 
justyachting: folds 
KirillWind: folds 
Dorex2007: folds 
KidPokerRO19: calls $0.10
polly727: folds 
magublagin: folds 
Francdzo: folds 
MyTHaeBoka: checks 
*** FLOP *** [Jc 4s Jh]
MyTHaeBoka: checks 
KidPokerRO19: bets $0.20
MyTHaeBoka: folds 
Uncalled bet ($0.20) returned to KidPokerRO19
KidPokerRO19 collected $0.24 from pot
*** SUMMARY ***
Total pot $0.25 | Rake $0.01 
Board [Jc 4s Jh]
Seat 1: justyachting folded before Flop (didn't bet)
Seat 2: KirillWind folded before Flop (didn't bet)
Seat 3: Dorex2007 folded before Flop (didn't bet)
Seat 4: KidPokerRO19 collected ($0.24)
Seat 5: polly727 folded before Flop (didn't bet)
Seat 6: magublagin (button) folded before Flop (didn't bet)
Seat 7: Francdzo (small blind) folded before Flop
Seat 8: MyTHaeBoka (big blind) folded on the Flop
Seat 9: lladnar1130 folded before Flop (didn't bet)



PokerStars Hand #238570627246:  Hold'em No Limit ($0.05/$0.10 USD) - 2022/09/11 16:46:54 PT [2022/09/11 19:46:54 ET]
Table 'Aconcagua II' 9-max Seat #7 is the button
Seat 1: justyachting ($12.94 in chips) 
Seat 2: KirillWind ($11.13 in chips) 
Seat 3: Dorex2007 ($10 in chips) 
Seat 4: KidPokerRO19 ($9.67 in chips) 
Seat 5: polly727 ($28.41 in chips) 
Seat 6: magublagin ($9.75 in chips) 
Seat 7: Francdzo ($14.13 in chips) 
Seat 8: MyTHaeBoka ($9.80 in chips) 
Seat 9: lladnar1130 ($12.31 in chips) 
MyTHaeBoka: posts small blind $0.05
lladnar1130: posts big blind $0.10
*** HOLE CARDS ***
Dealt to Dorex2007 [3h Kc]
justyachting: folds 
KirillWind: raises $0.15 to $0.25
Dorex2007: folds 
KidPokerRO19: folds 
polly727: raises $0.75 to $1
magublagin: folds 
Francdzo: folds 
MyTHaeBoka: folds 
lladnar1130: folds 
KirillWind: folds 
Uncalled bet ($0.75) returned to polly727
polly727 collected $0.65 from pot
polly727: doesn't show hand 
*** SUMMARY ***
Total pot $0.65 | Rake $0 
Seat 1: justyachting folded before Flop (didn't bet)
Seat 2: KirillWind folded before Flop
Seat 3: Dorex2007 folded before Flop (didn't bet)
Seat 4: KidPokerRO19 folded before Flop (didn't bet)
Seat 5: polly727 collected ($0.65)
Seat 6: magublagin folded before Flop (didn't bet)
Seat 7: Francdzo (button) folded before Flop (didn't bet)
Seat 8: MyTHaeBoka (small blind) folded before Flop
Seat 9: lladnar1130 (big blind) folded before Flop



PokerStars Hand #238570636330:  Hold'em No Limit ($0.05/$0.10 USD) - 2022/09/11 16:47:29 PT [2022/09/11 19:47:29 ET]
Table 'Aconcagua II' 9-max Seat #8 is the button
Seat 1: justyachting ($12.94 in chips) 
Seat 2: KirillWind ($10.88 in chips) 
Seat 3: Dorex2007 ($10 in chips) 
Seat 4: KidPokerRO19 ($9.67 in chips) 
Seat 5: polly727 ($28.81 in chips) 
Seat 6: magublagin ($9.75 in chips) 
Seat 7: Francdzo ($14.13 in chips) 
Seat 8: MyTHaeBoka ($9.75 in chips) 
Seat 9: lladnar1130 ($12.21 in chips) 
lladnar1130: posts small blind $0.05
justyachting: posts big blind $0.10
*** HOLE CARDS ***
Dealt to Dorex2007 [Ks 4c]
KirillWind: folds 
Dorex2007: folds 
KidPokerRO19: folds 
polly727: raises $0.25 to $0.35
magublagin: folds 
Francdzo: folds 
MyTHaeBoka: raises $0.55 to $0.90
lladnar1130: folds 
justyachting: folds 
polly727: calls $0.55
*** FLOP *** [9h Ah Jh]
polly727: checks 
MyTHaeBoka: bets $0.95
polly727: raises $4.05 to $5
MyTHaeBoka: folds 
Uncalled bet ($4.05) returned to polly727
polly727 collected $3.68 from pot
polly727: doesn't show hand 
*** SUMMARY ***
Total pot $3.85 | Rake $0.17 
Board [9h Ah Jh]
Seat 1: justyachting (big blind) folded before Flop
Seat 2: KirillWind folded before Flop (didn't bet)
Seat 3: Dorex2007 folded before Flop (didn't bet)
Seat 4: KidPokerRO19 folded before Flop (didn't bet)
Seat 5: polly727 collected ($3.68)
Seat 6: magublagin folded before Flop (didn't bet)
Seat 7: Francdzo folded before Flop (didn't bet)
Seat 8: MyTHaeBoka (button) folded on the Flop
Seat 9: lladnar1130 (small blind) folded before Flop



PokerStars Hand #238570652985:  Hold'em No Limit ($0.05/$0.10 USD) - 2022/09/11 16:48:36 PT [2022/09/11 19:48:36 ET]
Table 'Aconcagua II' 9-max Seat #9 is the button
Seat 1: justyachting ($12.84 in chips) 
Seat 2: KirillWind ($10.88 in chips) 
Seat 3: Dorex2007 ($10 in chips) 
Seat 4: KidPokerRO19 ($9.67 in chips) 
Seat 5: polly727 ($30.64 in chips) 
Seat 6: magublagin ($9.75 in chips) 
Seat 7: Francdzo ($14.13 in chips) 
Seat 8: MyTHaeBoka ($10 in chips) 
Seat 9: lladnar1130 ($12.16 in chips) 
justyachting: posts small blind $0.05
KirillWind: posts big blind $0.10
*** HOLE CARDS ***
Dealt to Dorex2007 [Qd Qc]
Dorex2007: raises $0.20 to $0.30
KidPokerRO19: folds 
polly727: folds 
magublagin: folds 
Francdzo: folds 
MyTHaeBoka: folds 
lladnar1130: folds 
justyachting: calls $0.25
KirillWind: folds 
*** FLOP *** [Ad 4s 5c]
justyachting: checks 
Dorex2007: checks 
*** TURN *** [Ad 4s 5c] [Qh]
justyachting: bets $0.67
Dorex2007: raises $0.67 to $1.34
justyachting: calls $0.67
*** RIVER *** [Ad 4s 5c Qh] [5d]
justyachting: bets $1.61
Dorex2007: raises $2.69 to $4.30
justyachting: folds 
Uncalled bet ($2.69) returned to Dorex2007
Dorex2007 collected $6.30 from pot
Dorex2007: doesn't show hand 
*** SUMMARY ***
Total pot $6.60 | Rake $0.30 
Board [Ad 4s 5c Qh 5d]
Seat 1: justyachting (small blind) folded on the River
Seat 2: KirillWind (big blind) folded before Flop
Seat 3: Dorex2007 collected ($6.30)
Seat 4: KidPokerRO19 folded before Flop (didn't bet)
Seat 5: polly727 folded before Flop (didn't bet)
Seat 6: magublagin folded before Flop (didn't bet)
Seat 7: Francdzo folded before Flop (didn't bet)
Seat 8: MyTHaeBoka folded before Flop (didn't bet)
Seat 9: lladnar1130 (button) folded before Flop (didn't bet)



PokerStars Hand #238571167947:  Hold'em No Limit ($0.05/$0.10 USD) - 2022/09/11 16:49:35 PT [2022/09/11 19:49:35 ET]
Table 'Aconcagua II' 9-max Seat #1 is the button
Seat 1: justyachting ($9.59 in chips) 
Seat 2: KirillWind ($10.78 in chips) 
Seat 3: Dorex2007 ($13.05 in chips) 
Seat 4: KidPokerRO19 ($9.67 in chips) 
Seat 5: polly727 ($30.64 in chips) 
Seat 6: magublagin ($9.75 in chips) 
Seat 7: Francdzo ($14.13 in chips) 
Seat 8: MyTHaeBoka ($10 in chips) 
Seat 9: lladnar1130 ($12.16 in chips) 
KirillWind: posts small blind $0.05
Dorex2007: posts big blind $0.10
*** HOLE CARDS ***
Dealt to Dorex2007 [2h 9h]
KidPokerRO19: calls $0.10
polly727: folds 
magublagin: raises $0.30 to $0.40
Francdzo: folds 
MyTHaeBoka: calls $0.40
lladnar1130: folds 
justyachting: calls $0.40
KirillWind: raises $1.65 to $2.05
Dorex2007: folds 
KidPokerRO19: folds 
magublagin: calls $1.65
MyTHaeBoka: folds 
justyachting: calls $1.65
*** FLOP *** [3h 8s Js]
KirillWind: bets $2.20
magublagin: folds 
justyachting: folds 
Uncalled bet ($2.20) returned to KirillWind
KirillWind collected $6.45 from pot
*** SUMMARY ***
Total pot $6.75 | Rake $0.30 
Board [3h 8s Js]
Seat 1: justyachting (button) folded on the Flop
Seat 2: KirillWind (small blind) collected ($6.45)
Seat 3: Dorex2007 (big blind) folded before Flop
Seat 4: KidPokerRO19 folded before Flop
Seat 5: polly727 folded before Flop (didn't bet)
Seat 6: magublagin folded on the Flop
Seat 7: Francdzo folded before Flop (didn't bet)
Seat 8: MyTHaeBoka folded before Flop
Seat 9: lladnar1130 folded before Flop (didn't bet)



PokerStars Hand #238571185268:  Hold'em No Limit ($0.05/$0.10 USD) - 2022/09/11 16:50:44 PT [2022/09/11 19:50:44 ET]
Table 'Aconcagua II' 9-max Seat #2 is the button
Seat 1: justyachting ($7.54 in chips) 
Seat 2: KirillWind ($15.18 in chips) 
Seat 3: Dorex2007 ($12.95 in chips) 
Seat 4: KidPokerRO19 ($9.57 in chips) 
Seat 5: polly727 ($30.64 in chips) 
Seat 6: magublagin ($7.70 in chips) 
Seat 7: Francdzo ($14.13 in chips) 
Seat 8: MyTHaeBoka ($9.60 in chips) 
Seat 9: lladnar1130 ($12.16 in chips) 
Dorex2007: posts small blind $0.05
KidPokerRO19: posts big blind $0.10
*** HOLE CARDS ***
Dealt to Dorex2007 [As Ks]
polly727: raises $0.20 to $0.30
magublagin: folds 
Francdzo: folds 
MyTHaeBoka: calls $0.30
lladnar1130: folds 
justyachting: folds 
KirillWind: calls $0.30
Dorex2007: calls $0.25
KidPokerRO19: folds 
*** FLOP *** [6h 6d Ah]
Dorex2007: checks 
polly727: checks 
MyTHaeBoka: checks 
KirillWind: checks 
*** TURN *** [6h 6d Ah] [7s]
Dorex2007: bets $0.62
polly727: folds 
MyTHaeBoka: calls $0.62
KirillWind: calls $0.62
*** RIVER *** [6h 6d Ah 7s] [Qs]
Dorex2007: bets $1.51
MyTHaeBoka: raises $1.51 to $3.02
KirillWind: folds 
Dorex2007: calls $1.51
*** SHOW DOWN ***
MyTHaeBoka: shows [7c 7h] (a full house, Sevens full of Sixes)
Dorex2007: mucks hand 
MyTHaeBoka collected $8.79 from pot
*** SUMMARY ***
Total pot $9.20 | Rake $0.41 
Board [6h 6d Ah 7s Qs]
Seat 1: justyachting folded before Flop (didn't bet)
Seat 2: KirillWind (button) folded on the River
Seat 3: Dorex2007 (small blind) mucked [As Ks]
Seat 4: KidPokerRO19 (big blind) folded before Flop
Seat 5: polly727 folded on the Turn
Seat 6: magublagin folded before Flop (didn't bet)
Seat 7: Francdzo folded before Flop (didn't bet)
Seat 8: MyTHaeBoka showed [7c 7h] and won ($8.79) with a full house, Sevens full of Sixes
Seat 9: lladnar1130 folded before Flop (didn't bet)



PokerStars Hand #238571198191:  Hold'em No Limit ($0.05/$0.10 USD) - 2022/09/11 16:51:36 PT [2022/09/11 19:51:36 ET]
Table 'Aconcagua II' 9-max Seat #3 is the button
Seat 1: justyachting ($7.54 in chips) 
Seat 2: KirillWind ($14.26 in chips) 
Seat 3: Dorex2007 ($10 in chips) 
Seat 4: KidPokerRO19 ($9.47 in chips) 
Seat 5: polly727 ($30.34 in chips) 
Seat 6: magublagin ($7.70 in chips) 
Seat 7: Francdzo ($14.13 in chips) 
Seat 8: MyTHaeBoka ($14.45 in chips) 
Seat 9: lladnar1130 ($12.16 in chips) 
KidPokerRO19: posts small blind $0.05
polly727: posts big blind $0.10
*** HOLE CARDS ***
Dealt to Dorex2007 [Ac 6c]
magublagin: folds 
Francdzo: folds 
MyTHaeBoka: folds 
lladnar1130: raises $0.20 to $0.30
justyachting: calls $0.30
KirillWind: folds 
Dorex2007: folds 
KidPokerRO19: raises $0.40 to $0.70
polly727: folds 
lladnar1130: calls $0.40
justyachting: calls $0.40
*** FLOP *** [9s 4h 3c]
KidPokerRO19: bets $0.50
lladnar1130: calls $0.50
justyachting: calls $0.50
*** TURN *** [9s 4h 3c] [3s]
KidPokerRO19: bets $3.53
lladnar1130: folds 
justyachting: folds 
Uncalled bet ($3.53) returned to KidPokerRO19
KidPokerRO19 collected $3.53 from pot
*** SUMMARY ***
Total pot $3.70 | Rake $0.17 
Board [9s 4h 3c 3s]
Seat 1: justyachting folded on the Turn
Seat 2: KirillWind folded before Flop (didn't bet)
Seat 3: Dorex2007 (button) folded before Flop (didn't bet)
Seat 4: KidPokerRO19 (small blind) collected ($3.53)
Seat 5: polly727 (big blind) folded before Flop
Seat 6: magublagin folded before Flop (didn't bet)
Seat 7: Francdzo folded before Flop (didn't bet)
Seat 8: MyTHaeBoka folded before Flop (didn't bet)
Seat 9: lladnar1130 folded on the Turn



PokerStars Hand #238571212565:  Hold'em No Limit ($0.05/$0.10 USD) - 2022/09/11 16:52:35 PT [2022/09/11 19:52:35 ET]
Table 'Aconcagua II' 9-max Seat #4 is the button
Seat 1: justyachting ($6.34 in chips) 
Seat 2: KirillWind ($14.26 in chips) 
Seat 3: Dorex2007 ($10 in chips) 
Seat 4: KidPokerRO19 ($11.80 in chips) 
Seat 5: polly727 ($30.24 in chips) 
Seat 7: Francdzo ($14.13 in chips) 
Seat 8: MyTHaeBoka ($14.45 in chips) 
Seat 9: lladnar1130 ($10.96 in chips) 
polly727: posts small blind $0.05
magublagin: is sitting out 
Francdzo: posts big blind $0.10
*** HOLE CARDS ***
Dealt to Dorex2007 [5c Ks]
magublagin leaves the table
MyTHaeBoka: folds 
lladnar1130: folds 
justyachting: calls $0.10
KirillWind: folds 
Dorex2007: folds 
KidPokerRO19: folds 
polly727: folds 
Francdzo: checks 
*** FLOP *** [3c 9c 5h]
Francdzo: checks 
justyachting: bets $0.24
Francdzo: calls $0.24
*** TURN *** [3c 9c 5h] [6h]
mauserr7 joins the table at seat #6 
Francdzo: checks 
justyachting: bets $0.70
Francdzo: calls $0.70
*** RIVER *** [3c 9c 5h 6h] [Kh]
Francdzo: bets $1.52
justyachting: raises $3.78 to $5.30 and is all-in
Francdzo: calls $3.78
*** SHOW DOWN ***
justyachting: shows [7h Qh] (a flush, King high)
Francdzo: shows [5s 9d] (two pair, Nines and Fives)
justyachting collected $12.16 from pot
*** SUMMARY ***
Total pot $12.73 | Rake $0.57 
Board [3c 9c 5h 6h Kh]
Seat 1: justyachting showed [7h Qh] and won ($12.16) with a flush, King high
Seat 2: KirillWind folded before Flop (didn't bet)
Seat 3: Dorex2007 folded before Flop (didn't bet)
Seat 4: KidPokerRO19 (button) folded before Flop (didn't bet)
Seat 5: polly727 (small blind) folded before Flop
Seat 7: Francdzo (big blind) showed [5s 9d] and lost with two pair, Nines and Fives
Seat 8: MyTHaeBoka folded before Flop (didn't bet)
Seat 9: lladnar1130 folded before Flop (didn't bet)



PokerStars Hand #238571228044:  Hold'em No Limit ($0.05/$0.10 USD) - 2022/09/11 16:53:38 PT [2022/09/11 19:53:38 ET]
Table 'Aconcagua II' 9-max Seat #5 is the button
Seat 1: justyachting ($12.16 in chips) 
Seat 2: KirillWind ($14.26 in chips) 
Seat 3: Dorex2007 ($10 in chips) 
Seat 4: KidPokerRO19 ($11.80 in chips) 
Seat 5: polly727 ($30.19 in chips) 
Seat 7: Francdzo ($10 in chips) 
Seat 8: MyTHaeBoka ($14.45 in chips) 
Seat 9: lladnar1130 ($10.96 in chips) 
Francdzo: posts small blind $0.05
MyTHaeBoka: posts big blind $0.10
*** HOLE CARDS ***
Dealt to Dorex2007 [Qh 3c]
lladnar1130: raises $0.13 to $0.23
justyachting: calls $0.23
KirillWind: folds 
Dorex2007: folds 
KidPokerRO19 has timed out
KidPokerRO19: folds 
polly727: folds 
Francdzo: folds 
MyTHaeBoka: folds 
*** FLOP *** [Ac 6c Qs]
lladnar1130: bets $0.33
justyachting: calls $0.33
*** TURN *** [Ac 6c Qs] [4s]
lladnar1130: checks 
justyachting: bets $0.60
lladnar1130: calls $0.60
*** RIVER *** [Ac 6c Qs 4s] [7d]
lladnar1130: checks 
justyachting: bets $2.36
lladnar1130: calls $2.36
*** SHOW DOWN ***
justyachting: shows [Ah 7h] (two pair, Aces and Sevens)
lladnar1130: mucks hand 
justyachting collected $6.87 from pot
*** SUMMARY ***
Total pot $7.19 | Rake $0.32 
Board [Ac 6c Qs 4s 7d]
Seat 1: justyachting showed [Ah 7h] and won ($6.87) with two pair, Aces and Sevens
Seat 2: KirillWind folded before Flop (didn't bet)
Seat 3: Dorex2007 folded before Flop (didn't bet)
Seat 4: KidPokerRO19 folded before Flop (didn't bet)
Seat 5: polly727 (button) folded before Flop (didn't bet)
Seat 7: Francdzo (small blind) folded before Flop
Seat 8: MyTHaeBoka (big blind) folded before Flop
Seat 9: lladnar1130 mucked [Ad Js]



PokerStars Hand #238571242870:  Hold'em No Limit ($0.05/$0.10 USD) - 2022/09/11 16:54:39 PT [2022/09/11 19:54:39 ET]
Table 'Aconcagua II' 9-max Seat #7 is the button
Seat 1: justyachting ($15.51 in chips) 
Seat 2: KirillWind ($14.26 in chips) 
Seat 3: Dorex2007 ($10 in chips) 
Seat 5: polly727 ($30.19 in chips) 
Seat 7: Francdzo ($10 in chips) 
Seat 8: MyTHaeBoka ($14.35 in chips) 
Seat 9: lladnar1130 ($7.44 in chips) 
MyTHaeBoka: posts small blind $0.05
lladnar1130: posts big blind $0.10
mauserr7: sits out 
*** HOLE CARDS ***
Dealt to Dorex2007 [6d Ts]
justyachting: folds 
KirillWind: raises $0.15 to $0.25
Dorex2007: folds 
polly727: folds 
Francdzo: raises $0.50 to $0.75
MyTHaeBoka: folds 
lladnar1130: folds 
KirillWind: calls $0.50
*** FLOP *** [6h Ks 7d]
KirillWind: checks 
Francdzo: bets $0.79
KirillWind: calls $0.79
*** TURN *** [6h Ks 7d] [8c]
KirillWind: checks 
Francdzo: checks 
*** RIVER *** [6h Ks 7d 8c] [Td]
KirillWind: bets $3.70
Francdzo: folds 
Uncalled bet ($3.70) returned to KirillWind
KirillWind collected $3.08 from pot
justyachting leaves the table
*** SUMMARY ***
Total pot $3.23 | Rake $0.15 
Board [6h Ks 7d 8c Td]
Seat 1: justyachting folded before Flop (didn't bet)
Seat 2: KirillWind collected ($3.08)
Seat 3: Dorex2007 folded before Flop (didn't bet)
Seat 5: polly727 folded before Flop (didn't bet)
Seat 7: Francdzo (button) folded on the River
Seat 8: MyTHaeBoka (small blind) folded before Flop
Seat 9: lladnar1130 (big blind) folded before Flop



PokerStars Hand #238571252702:  Hold'em No Limit ($0.05/$0.10 USD) - 2022/09/11 16:55:24 PT [2022/09/11 19:55:24 ET]
Table 'Aconcagua II' 9-max Seat #8 is the button
Seat 2: KirillWind ($15.80 in chips) 
Seat 3: Dorex2007 ($10 in chips) 
Seat 5: polly727 ($30.19 in chips) 
Seat 7: Francdzo ($10 in chips) 
Seat 8: MyTHaeBoka ($14.30 in chips) 
Seat 9: lladnar1130 ($7.34 in chips) 
lladnar1130: posts small blind $0.05
KirillWind: posts big blind $0.10
mauserr7: sits out 
*** HOLE CARDS ***
Dealt to Dorex2007 [3d Js]
Dorex2007: folds 
polly727: folds 
Francdzo: folds 
Francdzo leaves the table
MyTHaeBoka: folds 
lladnar1130: folds 
Uncalled bet ($0.05) returned to KirillWind
KirillWind collected $0.10 from pot
*** SUMMARY ***
Total pot $0.10 | Rake $0 
Seat 2: KirillWind (big blind) collected ($0.10)
Seat 3: Dorex2007 folded before Flop (didn't bet)
Seat 5: polly727 folded before Flop (didn't bet)
Seat 7: Francdzo folded before Flop (didn't bet)
Seat 8: MyTHaeBoka (button) folded before Flop (didn't bet)
Seat 9: lladnar1130 (small blind) folded before Flop



PokerStars Hand #238571255020:  Hold'em No Limit ($0.05/$0.10 USD) - 2022/09/11 16:55:36 PT [2022/09/11 19:55:36 ET]
Table 'Aconcagua II' 9-max Seat #9 is the button
Seat 2: KirillWind ($15.85 in chips) 
Seat 3: Dorex2007 ($10 in chips) 
Seat 4: KidPokerRO19 ($11.80 in chips) 
Seat 5: polly727 ($30.19 in chips) 
Seat 8: MyTHaeBoka ($14.30 in chips) 
Seat 9: lladnar1130 ($7.29 in chips) 
KirillWind: posts small blind $0.05
Dorex2007: posts big blind $0.10
mauserr7: sits out 
*** HOLE CARDS ***
Dealt to Dorex2007 [5d Kc]
KidPokerRO19: folds 
polly727: folds 
KidPokerRO19 leaves the table
MyTHaeBoka: raises $0.15 to $0.25
lladnar1130: folds 
KirillWind: folds 
Dorex2007: folds 
Uncalled bet ($0.15) returned to MyTHaeBoka
MyTHaeBoka collected $0.25 from pot
MyTHaeBoka: doesn't show hand 
*** SUMMARY ***
Total pot $0.25 | Rake $0 
Seat 2: KirillWind (small blind) folded before Flop
Seat 3: Dorex2007 (big blind) folded before Flop
Seat 4: KidPokerRO19 folded before Flop (didn't bet)
Seat 5: polly727 folded before Flop (didn't bet)
Seat 8: MyTHaeBoka collected ($0.25)
Seat 9: lladnar1130 (button) folded before Flop (didn't bet)



PokerStars Hand #238571257671:  Hold'em No Limit ($0.05/$0.10 USD) - 2022/09/11 16:55:50 PT [2022/09/11 19:55:50 ET]
Table 'Aconcagua II' 9-max Seat #2 is the button
Seat 2: KirillWind ($15.80 in chips) 
Seat 3: Dorex2007 ($10 in chips) 
Seat 5: polly727 ($30.19 in chips) 
Seat 8: MyTHaeBoka ($14.45 in chips) 
Seat 9: lladnar1130 ($10 in chips) 
Dorex2007: posts small blind $0.05
polly727: posts big blind $0.10
mauserr7: sits out 
*** HOLE CARDS ***
Dealt to Dorex2007 [Qc 3s]
MyTHaeBoka: raises $0.20 to $0.30
lladnar1130: folds 
KirillWind: folds 
Dorex2007: folds 
polly727: folds 
Uncalled bet ($0.20) returned to MyTHaeBoka
MyTHaeBoka collected $0.25 from pot
MyTHaeBoka: doesn't show hand 
*** SUMMARY ***
Total pot $0.25 | Rake $0 
Seat 2: KirillWind (button) folded before Flop (didn't bet)
Seat 3: Dorex2007 (small blind) folded before Flop
Seat 5: polly727 (big blind) folded before Flop
Seat 8: MyTHaeBoka collected ($0.25)
Seat 9: lladnar1130 folded before Flop (didn't bet)



PokerStars Hand #238571259680:  Hold'em No Limit ($0.05/$0.10 USD) - 2022/09/11 16:56:01 PT [2022/09/11 19:56:01 ET]
Table 'Aconcagua II' 9-max Seat #3 is the button
Seat 2: KirillWind ($15.80 in chips) 
Seat 3: Dorex2007 ($10 in chips) 
Seat 5: polly727 ($30.09 in chips) 
Seat 6: mauserr7 ($10 in chips) 
Seat 8: MyTHaeBoka ($14.60 in chips) 
polly727: posts small blind $0.05
mauserr7: posts big blind $0.10
*** HOLE CARDS ***
Dealt to Dorex2007 [9c Qc]
lladnar1130 leaves the table
MyTHaeBoka: folds 
KirillWind: folds 
Dorex2007: raises $0.20 to $0.30
polly727: folds 
mauserr7: calls $0.20
*** FLOP *** [3c 2s As]
mauserr7: checks 
Dorex2007: checks 
*** TURN *** [3c 2s As] [Kd]
mauserr7: checks 
Dorex2007: checks 
*** RIVER *** [3c 2s As Kd] [Ac]
mauserr7: checks 
Dorex2007: checks 
*** SHOW DOWN ***
mauserr7: shows [Jh 8c] (a pair of Aces)
Dorex2007: shows [9c Qc] (a pair of Aces - King+Queen kicker)
Dorex2007 collected $0.62 from pot
*** SUMMARY ***
Total pot $0.65 | Rake $0.03 
Board [3c 2s As Kd Ac]
Seat 2: KirillWind folded before Flop (didn't bet)
Seat 3: Dorex2007 (button) showed [9c Qc] and won ($0.62) with a pair of Aces
Seat 5: polly727 (small blind) folded before Flop
Seat 6: mauserr7 (big blind) showed [Jh 8c] and lost with a pair of Aces
Seat 8: MyTHaeBoka folded before Flop (didn't bet)



