PokerStars Hand #238520875178:  Hold'em No Limit ($0.05/$0.10 USD) - 2022/09/09 12:42:23 PT [2022/09/09 15:42:23 ET]
Table 'Ohio' 9-max Seat #4 is the button
Seat 1: fantom20620 ($10 in chips) 
Seat 2: Dorex2007 ($10 in chips) 
Seat 4: sergk33 ($17.51 in chips) 
Seat 5: bcv1703 ($10 in chips) 
Seat 6: walshyfish ($42.18 in chips) 
Seat 7: sleighty21 ($12.64 in chips) 
Seat 8: mangiopesce ($10.15 in chips) 
Seat 9: krasava626 ($10 in chips) 
bcv1703: posts small blind $0.05
walshyfish: posts big blind $0.10
Dorex2007: posts small & big blinds $0.15
*** HOLE CARDS ***
Dealt to Dorex2007 [Qc 7h]
sleighty21: folds 
mangiopesce: folds 
krasava626: folds 
fantom20620: folds 
Dorex2007: checks 
sergk33: folds 
bcv1703: raises $0.60 to $0.70
walshyfish: calls $0.60
Dorex2007: folds 
*** FLOP *** [Ah 6d 4h]
bcv1703: bets $1.11
walshyfish: calls $1.11
*** TURN *** [Ah 6d 4h] [Ts]
bcv1703: bets $2.70
walshyfish: folds 
Uncalled bet ($2.70) returned to bcv1703
bcv1703 collected $3.60 from pot
bcv1703: doesn't show hand 
*** SUMMARY ***
Total pot $3.77 | Rake $0.17 
Board [Ah 6d 4h Ts]
Seat 1: fantom20620 folded before Flop (didn't bet)
Seat 2: Dorex2007 folded before Flop (didn't bet)
Seat 4: sergk33 (button) folded before Flop (didn't bet)
Seat 5: bcv1703 (small blind) collected ($3.60)
Seat 6: walshyfish (big blind) folded on the Turn
Seat 7: sleighty21 folded before Flop (didn't bet)
Seat 8: mangiopesce folded before Flop (didn't bet)
Seat 9: krasava626 folded before Flop (didn't bet)



PokerStars Hand #238520901301:  Hold'em No Limit ($0.05/$0.10 USD) - 2022/09/09 12:43:24 PT [2022/09/09 15:43:24 ET]
Table 'Ohio' 9-max Seat #5 is the button
Seat 1: fantom20620 ($10 in chips) 
Seat 2: Dorex2007 ($10 in chips) 
Seat 4: sergk33 ($17.51 in chips) 
Seat 5: bcv1703 ($11.79 in chips) 
Seat 6: walshyfish ($40.37 in chips) 
Seat 7: sleighty21 ($12.64 in chips) 
Seat 8: mangiopesce ($10.15 in chips) 
Seat 9: krasava626 ($10 in chips) 
walshyfish: posts small blind $0.05
sleighty21: posts big blind $0.10
*** HOLE CARDS ***
Dealt to Dorex2007 [3c 7h]
mangiopesce: folds 
krasava626: raises $0.20 to $0.30
fantom20620: folds 
Dorex2007: folds 
sergk33: folds 
bcv1703: folds 
walshyfish: calls $0.25
sleighty21: calls $0.20
*** FLOP *** [7c Ad Ah]
walshyfish: checks 
sleighty21: checks 
krasava626: bets $0.43
walshyfish: calls $0.43
sleighty21: raises $0.93 to $1.36
krasava626: folds 
walshyfish: folds 
Uncalled bet ($0.93) returned to sleighty21
sleighty21 collected $2.09 from pot
*** SUMMARY ***
Total pot $2.19 | Rake $0.10 
Board [7c Ad Ah]
Seat 1: fantom20620 folded before Flop (didn't bet)
Seat 2: Dorex2007 folded before Flop (didn't bet)
Seat 4: sergk33 folded before Flop (didn't bet)
Seat 5: bcv1703 (button) folded before Flop (didn't bet)
Seat 6: walshyfish (small blind) folded on the Flop
Seat 7: sleighty21 (big blind) collected ($2.09)
Seat 8: mangiopesce folded before Flop (didn't bet)
Seat 9: krasava626 folded on the Flop



PokerStars Hand #238520923273:  Hold'em No Limit ($0.05/$0.10 USD) - 2022/09/09 12:44:15 PT [2022/09/09 15:44:15 ET]
Table 'Ohio' 9-max Seat #6 is the button
Seat 1: fantom20620 ($10 in chips) 
Seat 2: Dorex2007 ($10 in chips) 
Seat 4: sergk33 ($17.51 in chips) 
Seat 5: bcv1703 ($11.79 in chips) 
Seat 6: walshyfish ($39.64 in chips) 
Seat 7: sleighty21 ($14 in chips) 
Seat 8: mangiopesce ($10.15 in chips) 
Seat 9: krasava626 ($10 in chips) 
sleighty21: posts small blind $0.05
mangiopesce: posts big blind $0.10
*** HOLE CARDS ***
Dealt to Dorex2007 [9s 6h]
krasava626: folds 
fantom20620: folds 
Dorex2007: folds 
sergk33: raises $0.20 to $0.30
bcv1703: folds 
walshyfish: raises $0.50 to $0.80
sleighty21: folds 
mangiopesce: folds 
sergk33: calls $0.50
*** FLOP *** [As Jd 5d]
sergk33: checks 
walshyfish: bets $1.67
sergk33: folds 
Uncalled bet ($1.67) returned to walshyfish
walshyfish collected $1.67 from pot
*** SUMMARY ***
Total pot $1.75 | Rake $0.08 
Board [As Jd 5d]
Seat 1: fantom20620 folded before Flop (didn't bet)
Seat 2: Dorex2007 folded before Flop (didn't bet)
Seat 4: sergk33 folded on the Flop
Seat 5: bcv1703 folded before Flop (didn't bet)
Seat 6: walshyfish (button) collected ($1.67)
Seat 7: sleighty21 (small blind) folded before Flop
Seat 8: mangiopesce (big blind) folded before Flop
Seat 9: krasava626 folded before Flop (didn't bet)



PokerStars Hand #238520944388:  Hold'em No Limit ($0.05/$0.10 USD) - 2022/09/09 12:45:05 PT [2022/09/09 15:45:05 ET]
Table 'Ohio' 9-max Seat #8 is the button
Seat 1: fantom20620 ($10 in chips) 
Seat 2: Dorex2007 ($10 in chips) 
Seat 4: sergk33 ($16.71 in chips) 
Seat 5: bcv1703 ($11.79 in chips) 
Seat 6: walshyfish ($40.51 in chips) 
Seat 8: mangiopesce ($10.05 in chips) 
Seat 9: krasava626 ($10 in chips) 
krasava626: posts small blind $0.05
fantom20620: posts big blind $0.10
*** HOLE CARDS ***
Dealt to Dorex2007 [2d 6c]
Dorex2007: folds 
sergk33: folds 
bcv1703: raises $0.15 to $0.25
walshyfish: folds 
mangiopesce: folds 
krasava626: folds 
fantom20620: folds 
Uncalled bet ($0.15) returned to bcv1703
bcv1703 collected $0.25 from pot
bcv1703: doesn't show hand 
*** SUMMARY ***
Total pot $0.25 | Rake $0 
Seat 1: fantom20620 (big blind) folded before Flop
Seat 2: Dorex2007 folded before Flop (didn't bet)
Seat 4: sergk33 folded before Flop (didn't bet)
Seat 5: bcv1703 collected ($0.25)
Seat 6: walshyfish folded before Flop (didn't bet)
Seat 8: mangiopesce (button) folded before Flop (didn't bet)
Seat 9: krasava626 (small blind) folded before Flop



PokerStars Hand #238520952942:  Hold'em No Limit ($0.05/$0.10 USD) - 2022/09/09 12:45:25 PT [2022/09/09 15:45:25 ET]
Table 'Ohio' 9-max Seat #9 is the button
Seat 1: fantom20620 ($10 in chips) 
Seat 2: Dorex2007 ($10 in chips) 
Seat 4: sergk33 ($16.71 in chips) 
Seat 5: bcv1703 ($11.94 in chips) 
Seat 6: walshyfish ($40.51 in chips) 
Seat 8: mangiopesce ($10.05 in chips) 
Seat 9: krasava626 ($10 in chips) 
fantom20620: posts small blind $0.05
Dorex2007: posts big blind $0.10
*** HOLE CARDS ***
Dealt to Dorex2007 [5c 2c]
sergk33: raises $0.20 to $0.30
bcv1703: folds 
walshyfish: folds 
mangiopesce: folds 
krasava626: folds 
fantom20620: folds 
Dorex2007: folds 
Uncalled bet ($0.20) returned to sergk33
sergk33 collected $0.25 from pot
sergk33: doesn't show hand 
*** SUMMARY ***
Total pot $0.25 | Rake $0 
Seat 1: fantom20620 (small blind) folded before Flop
Seat 2: Dorex2007 (big blind) folded before Flop
Seat 4: sergk33 collected ($0.25)
Seat 5: bcv1703 folded before Flop (didn't bet)
Seat 6: walshyfish folded before Flop (didn't bet)
Seat 8: mangiopesce folded before Flop (didn't bet)
Seat 9: krasava626 (button) folded before Flop (didn't bet)



PokerStars Hand #238520959496:  Hold'em No Limit ($0.05/$0.10 USD) - 2022/09/09 12:45:40 PT [2022/09/09 15:45:40 ET]
Table 'Ohio' 9-max Seat #1 is the button
Seat 1: fantom20620 ($10 in chips) 
Seat 2: Dorex2007 ($10 in chips) 
Seat 4: sergk33 ($16.86 in chips) 
Seat 5: bcv1703 ($11.94 in chips) 
Seat 6: walshyfish ($40.51 in chips) 
Seat 8: mangiopesce ($10.05 in chips) 
Seat 9: krasava626 ($10 in chips) 
Dorex2007: posts small blind $0.05
sergk33: posts big blind $0.10
*** HOLE CARDS ***
Dealt to Dorex2007 [7c Jh]
bcv1703: raises $0.20 to $0.30
walshyfish: calls $0.30
mangiopesce: folds 
krasava626: folds 
fantom20620: calls $0.30
Dorex2007: folds 
sergk33: folds 
*** FLOP *** [Jd Ts 3s]
bcv1703: bets $0.30
walshyfish: calls $0.30
fantom20620: folds 
*** TURN *** [Jd Ts 3s] [6c]
bcv1703: checks 
walshyfish: bets $0.79
bcv1703: folds 
Uncalled bet ($0.79) returned to walshyfish
walshyfish collected $1.58 from pot
AlexNorthWC leaves the table
*** SUMMARY ***
Total pot $1.65 | Rake $0.07 
Board [Jd Ts 3s 6c]
Seat 1: fantom20620 (button) folded on the Flop
Seat 2: Dorex2007 (small blind) folded before Flop
Seat 4: sergk33 (big blind) folded before Flop
Seat 5: bcv1703 folded on the Turn
Seat 6: walshyfish collected ($1.58)
Seat 8: mangiopesce folded before Flop (didn't bet)
Seat 9: krasava626 folded before Flop (didn't bet)



PokerStars Hand #238520974574:  Hold'em No Limit ($0.05/$0.10 USD) - 2022/09/09 12:46:16 PT [2022/09/09 15:46:16 ET]
Table 'Ohio' 9-max Seat #2 is the button
Seat 1: fantom20620 ($10 in chips) 
Seat 2: Dorex2007 ($10 in chips) 
Seat 4: sergk33 ($16.76 in chips) 
Seat 5: bcv1703 ($11.34 in chips) 
Seat 6: walshyfish ($41.49 in chips) 
Seat 8: mangiopesce ($10.05 in chips) 
Seat 9: krasava626 ($10 in chips) 
sergk33: posts small blind $0.05
bcv1703: posts big blind $0.10
*** HOLE CARDS ***
Dealt to Dorex2007 [Ad 8d]
walshyfish: folds 
mangiopesce: folds 
krasava626: folds 
fantom20620: folds 
kensho25 joins the table at seat #3 
Dorex2007: calls $0.10
sergk33: calls $0.05
bcv1703: checks 
*** FLOP *** [Ah 5s 3s]
sergk33: checks 
bcv1703: checks 
Dorex2007: bets $0.14
sergk33: folds 
bcv1703: folds 
Uncalled bet ($0.14) returned to Dorex2007
Dorex2007 collected $0.29 from pot
Dorex2007: doesn't show hand 
*** SUMMARY ***
Total pot $0.30 | Rake $0.01 
Board [Ah 5s 3s]
Seat 1: fantom20620 folded before Flop (didn't bet)
Seat 2: Dorex2007 (button) collected ($0.29)
Seat 4: sergk33 (small blind) folded on the Flop
Seat 5: bcv1703 (big blind) folded on the Flop
Seat 6: walshyfish folded before Flop (didn't bet)
Seat 8: mangiopesce folded before Flop (didn't bet)
Seat 9: krasava626 folded before Flop (didn't bet)



PokerStars Hand #238520991223:  Hold'em No Limit ($0.05/$0.10 USD) - 2022/09/09 12:46:55 PT [2022/09/09 15:46:55 ET]
Table 'Ohio' 9-max Seat #4 is the button
Seat 1: fantom20620 ($10 in chips) 
Seat 2: Dorex2007 ($10.19 in chips) 
Seat 4: sergk33 ($16.66 in chips) 
Seat 5: bcv1703 ($11.24 in chips) 
Seat 6: walshyfish ($41.49 in chips) 
Seat 8: mangiopesce ($10.05 in chips) 
Seat 9: krasava626 ($10 in chips) 
bcv1703: posts small blind $0.05
walshyfish: posts big blind $0.10
kensho25: sits out 
*** HOLE CARDS ***
Dealt to Dorex2007 [Jh 8h]
mangiopesce: folds 
krasava626: folds 
fantom20620: raises $0.20 to $0.30
Dorex2007: folds 
sergk33: folds 
bcv1703: calls $0.25
walshyfish: calls $0.20
*** FLOP *** [3c 4c 2c]
bcv1703: checks 
sleighty21 is disconnected 
walshyfish: checks 
fantom20620: checks 
*** TURN *** [3c 4c 2c] [6d]
bcv1703: checks 
walshyfish: bets $0.70
fantom20620: folds 
bcv1703: folds 
Uncalled bet ($0.70) returned to walshyfish
walshyfish collected $0.86 from pot
*** SUMMARY ***
Total pot $0.90 | Rake $0.04 
Board [3c 4c 2c 6d]
Seat 1: fantom20620 folded on the Turn
Seat 2: Dorex2007 folded before Flop (didn't bet)
Seat 4: sergk33 (button) folded before Flop (didn't bet)
Seat 5: bcv1703 (small blind) folded on the Turn
Seat 6: walshyfish (big blind) collected ($0.86)
Seat 8: mangiopesce folded before Flop (didn't bet)
Seat 9: krasava626 folded before Flop (didn't bet)



PokerStars Hand #238521013222:  Hold'em No Limit ($0.05/$0.10 USD) - 2022/09/09 12:47:47 PT [2022/09/09 15:47:47 ET]
Table 'Ohio' 9-max Seat #5 is the button
Seat 1: fantom20620 ($10 in chips) 
Seat 2: Dorex2007 ($10.19 in chips) 
Seat 4: sergk33 ($16.66 in chips) 
Seat 5: bcv1703 ($10.94 in chips) 
Seat 6: walshyfish ($42.05 in chips) 
Seat 8: mangiopesce ($10.05 in chips) 
Seat 9: krasava626 ($10 in chips) 
walshyfish: posts small blind $0.05
mangiopesce: posts big blind $0.10
kensho25: sits out 
*** HOLE CARDS ***
Dealt to Dorex2007 [As 6d]
krasava626: folds 
fantom20620: folds 
Dorex2007: folds 
sergk33: folds 
bcv1703: folds 
walshyfish: raises $0.20 to $0.30
mangiopesce: folds 
Uncalled bet ($0.20) returned to walshyfish
walshyfish collected $0.20 from pot
*** SUMMARY ***
Total pot $0.20 | Rake $0 
Seat 1: fantom20620 folded before Flop (didn't bet)
Seat 2: Dorex2007 folded before Flop (didn't bet)
Seat 4: sergk33 folded before Flop (didn't bet)
Seat 5: bcv1703 (button) folded before Flop (didn't bet)
Seat 6: walshyfish (small blind) collected ($0.20)
Seat 8: mangiopesce (big blind) folded before Flop
Seat 9: krasava626 folded before Flop (didn't bet)



PokerStars Hand #238521023672:  Hold'em No Limit ($0.05/$0.10 USD) - 2022/09/09 12:48:12 PT [2022/09/09 15:48:12 ET]
Table 'Ohio' 9-max Seat #6 is the button
Seat 1: fantom20620 ($10 in chips) 
Seat 2: Dorex2007 ($10.19 in chips) 
Seat 4: sergk33 ($16.66 in chips) 
Seat 5: bcv1703 ($10.94 in chips) 
Seat 6: walshyfish ($42.15 in chips) 
Seat 8: mangiopesce ($10 in chips) 
Seat 9: krasava626 ($10 in chips) 
mangiopesce: posts small blind $0.05
krasava626: posts big blind $0.10
kensho25: sits out 
*** HOLE CARDS ***
Dealt to Dorex2007 [Kc 2c]
fantom20620: folds 
Dorex2007: folds 
sergk33: folds 
bcv1703: folds 
walshyfish: raises $0.20 to $0.30
mangiopesce: folds 
krasava626: calls $0.20
*** FLOP *** [Js 5d 6h]
krasava626: checks 
walshyfish: bets $0.31
krasava626: calls $0.31
*** TURN *** [Js 5d 6h] [4s]
krasava626: checks 
walshyfish: checks 
*** RIVER *** [Js 5d 6h 4s] [Qh]
krasava626: checks 
walshyfish: checks 
*** SHOW DOWN ***
krasava626: shows [5c 8c] (a pair of Fives)
walshyfish: shows [9d 6d] (a pair of Sixes)
walshyfish collected $1.21 from pot
*** SUMMARY ***
Total pot $1.27 | Rake $0.06 
Board [Js 5d 6h 4s Qh]
Seat 1: fantom20620 folded before Flop (didn't bet)
Seat 2: Dorex2007 folded before Flop (didn't bet)
Seat 4: sergk33 folded before Flop (didn't bet)
Seat 5: bcv1703 folded before Flop (didn't bet)
Seat 6: walshyfish (button) showed [9d 6d] and won ($1.21) with a pair of Sixes
Seat 8: mangiopesce (small blind) folded before Flop
Seat 9: krasava626 (big blind) showed [5c 8c] and lost with a pair of Fives



PokerStars Hand #238521046804:  Hold'em No Limit ($0.05/$0.10 USD) - 2022/09/09 12:49:06 PT [2022/09/09 15:49:06 ET]
Table 'Ohio' 9-max Seat #8 is the button
Seat 1: fantom20620 ($10 in chips) 
Seat 2: Dorex2007 ($10.19 in chips) 
Seat 4: sergk33 ($16.66 in chips) 
Seat 5: bcv1703 ($10.94 in chips) 
Seat 6: walshyfish ($42.75 in chips) 
Seat 8: mangiopesce ($10 in chips) 
Seat 9: krasava626 ($10 in chips) 
krasava626: posts small blind $0.05
fantom20620: posts big blind $0.10
kensho25: sits out 
*** HOLE CARDS ***
Dealt to Dorex2007 [Ad 9h]
Dorex2007: folds 
sergk33: folds 
bcv1703: raises $0.15 to $0.25
walshyfish: raises $0.35 to $0.60
mangiopesce: folds 
krasava626: folds 
fantom20620: folds 
bcv1703: calls $0.35
*** FLOP *** [Qc Kh 9s]
bcv1703: checks 
walshyfish: checks 
*** TURN *** [Qc Kh 9s] [2d]
bcv1703: checks 
walshyfish: bets $1.29
bcv1703: folds 
Uncalled bet ($1.29) returned to walshyfish
walshyfish collected $1.29 from pot
*** SUMMARY ***
Total pot $1.35 | Rake $0.06 
Board [Qc Kh 9s 2d]
Seat 1: fantom20620 (big blind) folded before Flop
Seat 2: Dorex2007 folded before Flop (didn't bet)
Seat 4: sergk33 folded before Flop (didn't bet)
Seat 5: bcv1703 folded on the Turn
Seat 6: walshyfish collected ($1.29)
Seat 8: mangiopesce (button) folded before Flop (didn't bet)
Seat 9: krasava626 (small blind) folded before Flop



PokerStars Hand #238521067727:  Hold'em No Limit ($0.05/$0.10 USD) - 2022/09/09 12:49:56 PT [2022/09/09 15:49:56 ET]
Table 'Ohio' 9-max Seat #9 is the button
Seat 1: fantom20620 ($10 in chips) 
Seat 2: Dorex2007 ($10.19 in chips) 
Seat 4: sergk33 ($16.66 in chips) 
Seat 5: bcv1703 ($10.34 in chips) 
Seat 6: walshyfish ($43.44 in chips) 
Seat 8: mangiopesce ($10 in chips) 
Seat 9: krasava626 ($10 in chips) 
fantom20620: posts small blind $0.05
Dorex2007: posts big blind $0.10
kensho25: sits out 
*** HOLE CARDS ***
Dealt to Dorex2007 [2d 4c]
sergk33: folds 
bcv1703: folds 
walshyfish: folds 
mangiopesce: raises $0.20 to $0.30
krasava626: folds 
fantom20620: folds 
Dorex2007: folds 
Uncalled bet ($0.20) returned to mangiopesce
mangiopesce collected $0.25 from pot
mangiopesce: doesn't show hand 
*** SUMMARY ***
Total pot $0.25 | Rake $0 
Seat 1: fantom20620 (small blind) folded before Flop
Seat 2: Dorex2007 (big blind) folded before Flop
Seat 4: sergk33 folded before Flop (didn't bet)
Seat 5: bcv1703 folded before Flop (didn't bet)
Seat 6: walshyfish folded before Flop (didn't bet)
Seat 8: mangiopesce collected ($0.25)
Seat 9: krasava626 (button) folded before Flop (didn't bet)



PokerStars Hand #238521073658:  Hold'em No Limit ($0.05/$0.10 USD) - 2022/09/09 12:50:10 PT [2022/09/09 15:50:10 ET]
Table 'Ohio' 9-max Seat #1 is the button
Seat 1: fantom20620 ($10 in chips) 
Seat 2: Dorex2007 ($10.09 in chips) 
Seat 3: kensho25 ($10 in chips) 
Seat 4: sergk33 ($16.66 in chips) 
Seat 5: bcv1703 ($10.34 in chips) 
Seat 6: walshyfish ($43.44 in chips) 
Seat 8: mangiopesce ($10.15 in chips) 
Seat 9: krasava626 ($10 in chips) 
Dorex2007: posts small blind $0.05
kensho25: posts big blind $0.10
*** HOLE CARDS ***
Dealt to Dorex2007 [5s Qd]
sergk33: folds 
bcv1703: folds 
walshyfish: folds 
mangiopesce: folds 
krasava626: folds 
fantom20620: folds 
Dorex2007: folds 
Uncalled bet ($0.05) returned to kensho25
kensho25 collected $0.10 from pot
kensho25: doesn't show hand 
*** SUMMARY ***
Total pot $0.10 | Rake $0 
Seat 1: fantom20620 (button) folded before Flop (didn't bet)
Seat 2: Dorex2007 (small blind) folded before Flop
Seat 3: kensho25 (big blind) collected ($0.10)
Seat 4: sergk33 folded before Flop (didn't bet)
Seat 5: bcv1703 folded before Flop (didn't bet)
Seat 6: walshyfish folded before Flop (didn't bet)
Seat 8: mangiopesce folded before Flop (didn't bet)
Seat 9: krasava626 folded before Flop (didn't bet)



PokerStars Hand #238521079106:  Hold'em No Limit ($0.05/$0.10 USD) - 2022/09/09 12:50:23 PT [2022/09/09 15:50:23 ET]
Table 'Ohio' 9-max Seat #2 is the button
Seat 1: fantom20620 ($10 in chips) 
Seat 2: Dorex2007 ($10.04 in chips) 
Seat 3: kensho25 ($10.05 in chips) 
Seat 4: sergk33 ($16.66 in chips) 
Seat 5: bcv1703 ($10.34 in chips) 
Seat 6: walshyfish ($43.44 in chips) 
Seat 8: mangiopesce ($10.15 in chips) 
Seat 9: krasava626 ($10 in chips) 
kensho25: posts small blind $0.05
sergk33: posts big blind $0.10
*** HOLE CARDS ***
Dealt to Dorex2007 [Kc Td]
bcv1703: folds 
walshyfish has timed out
walshyfish: folds 
mangiopesce: folds 
krasava626: folds 
fantom20620: raises $0.20 to $0.30
Dorex2007: calls $0.30
kensho25: folds 
sergk33: folds 
*** FLOP *** [Ac 5d Qd]
fantom20620: bets $0.40
Dorex2007: folds 
Uncalled bet ($0.40) returned to fantom20620
fantom20620 collected $0.72 from pot
fantom20620: doesn't show hand 
*** SUMMARY ***
Total pot $0.75 | Rake $0.03 
Board [Ac 5d Qd]
Seat 1: fantom20620 collected ($0.72)
Seat 2: Dorex2007 (button) folded on the Flop
Seat 3: kensho25 (small blind) folded before Flop
Seat 4: sergk33 (big blind) folded before Flop
Seat 5: bcv1703 folded before Flop (didn't bet)
Seat 6: walshyfish folded before Flop (didn't bet)
Seat 8: mangiopesce folded before Flop (didn't bet)
Seat 9: krasava626 folded before Flop (didn't bet)



PokerStars Hand #238521094047:  Hold'em No Limit ($0.05/$0.10 USD) - 2022/09/09 12:50:59 PT [2022/09/09 15:50:59 ET]
Table 'Ohio' 9-max Seat #3 is the button
Seat 1: fantom20620 ($10.42 in chips) 
Seat 2: Dorex2007 ($10 in chips) 
Seat 3: kensho25 ($10 in chips) 
Seat 4: sergk33 ($16.56 in chips) 
Seat 5: bcv1703 ($10.34 in chips) 
Seat 8: mangiopesce ($10.15 in chips) 
Seat 9: krasava626 ($10 in chips) 
sergk33: posts small blind $0.05
bcv1703: posts big blind $0.10
*** HOLE CARDS ***
Dealt to Dorex2007 [6d 9d]
mangiopesce: folds 
krasava626: folds 
fantom20620: folds 
Dorex2007: folds 
kensho25: folds 
sergk33: raises $0.20 to $0.30
bcv1703: folds 
Uncalled bet ($0.20) returned to sergk33
sergk33 collected $0.20 from pot
sergk33: doesn't show hand 
*** SUMMARY ***
Total pot $0.20 | Rake $0 
Seat 1: fantom20620 folded before Flop (didn't bet)
Seat 2: Dorex2007 folded before Flop (didn't bet)
Seat 3: kensho25 (button) folded before Flop (didn't bet)
Seat 4: sergk33 (small blind) collected ($0.20)
Seat 5: bcv1703 (big blind) folded before Flop
Seat 8: mangiopesce folded before Flop (didn't bet)
Seat 9: krasava626 folded before Flop (didn't bet)



PokerStars Hand #238521103521:  Hold'em No Limit ($0.05/$0.10 USD) - 2022/09/09 12:51:21 PT [2022/09/09 15:51:21 ET]
Table 'Ohio' 9-max Seat #4 is the button
Seat 1: fantom20620 ($10.42 in chips) 
Seat 2: Dorex2007 ($10 in chips) 
Seat 3: kensho25 ($10 in chips) 
Seat 4: sergk33 ($16.66 in chips) 
Seat 5: bcv1703 ($10.24 in chips) 
Seat 8: mangiopesce ($10.15 in chips) 
Seat 9: krasava626 ($10 in chips) 
bcv1703: posts small blind $0.05
mangiopesce: posts big blind $0.10
*** HOLE CARDS ***
Dealt to Dorex2007 [Th 2h]
krasava626: folds 
fantom20620: folds 
Dorex2007: folds 
krasava626 leaves the table
kensho25: folds 
sergk33: raises $0.20 to $0.30
bcv1703: folds 
mangiopesce: folds 
Uncalled bet ($0.20) returned to sergk33
sergk33 collected $0.25 from pot
sergk33: doesn't show hand 
J.Irenicus joins the table at seat #9 
*** SUMMARY ***
Total pot $0.25 | Rake $0 
Seat 1: fantom20620 folded before Flop (didn't bet)
Seat 2: Dorex2007 folded before Flop (didn't bet)
Seat 3: kensho25 folded before Flop (didn't bet)
Seat 4: sergk33 (button) collected ($0.25)
Seat 5: bcv1703 (small blind) folded before Flop
Seat 8: mangiopesce (big blind) folded before Flop
Seat 9: krasava626 folded before Flop (didn't bet)



PokerStars Hand #238521110132:  Hold'em No Limit ($0.05/$0.10 USD) - 2022/09/09 12:51:37 PT [2022/09/09 15:51:37 ET]
Table 'Ohio' 9-max Seat #5 is the button
Seat 1: fantom20620 ($10.42 in chips) 
Seat 2: Dorex2007 ($10 in chips) 
Seat 3: kensho25 ($10 in chips) 
Seat 4: sergk33 ($16.81 in chips) 
Seat 5: bcv1703 ($10.19 in chips) 
Seat 8: mangiopesce ($10.05 in chips) 
Seat 9: J.Irenicus ($10 in chips) 
mangiopesce: posts small blind $0.05
J.Irenicus is connected 
J.Irenicus: posts big blind $0.10
*** HOLE CARDS ***
Dealt to Dorex2007 [Qd 9h]
fantom20620: raises $0.20 to $0.30
Dorex2007: folds 
kensho25: folds 
sergk33: calls $0.30
bcv1703: folds 
mangiopesce: folds 
J.Irenicus: folds 
*** FLOP *** [2h Ac Td]
fantom20620: bets $0.40
sergk33: folds 
Uncalled bet ($0.40) returned to fantom20620
fantom20620 collected $0.72 from pot
fantom20620: doesn't show hand 
*** SUMMARY ***
Total pot $0.75 | Rake $0.03 
Board [2h Ac Td]
Seat 1: fantom20620 collected ($0.72)
Seat 2: Dorex2007 folded before Flop (didn't bet)
Seat 3: kensho25 folded before Flop (didn't bet)
Seat 4: sergk33 folded on the Flop
Seat 5: bcv1703 (button) folded before Flop (didn't bet)
Seat 8: mangiopesce (small blind) folded before Flop
Seat 9: J.Irenicus (big blind) folded before Flop



PokerStars Hand #238521122215:  Hold'em No Limit ($0.05/$0.10 USD) - 2022/09/09 12:52:06 PT [2022/09/09 15:52:06 ET]
Table 'Ohio' 9-max Seat #8 is the button
Seat 1: fantom20620 ($10.84 in chips) 
Seat 2: Dorex2007 ($10 in chips) 
Seat 3: kensho25 ($10 in chips) 
Seat 4: sergk33 ($16.51 in chips) 
Seat 5: bcv1703 ($10.19 in chips) 
Seat 6: walshyfish ($43.44 in chips) 
Seat 8: mangiopesce ($10 in chips) 
Seat 9: J.Irenicus ($10 in chips) 
J.Irenicus: posts small blind $0.05
fantom20620: posts big blind $0.10
walshyfish: posts small & big blinds $0.15
*** HOLE CARDS ***
Dealt to Dorex2007 [9d 8h]
Dorex2007: folds 
kensho25: folds 
sergk33: folds 
bcv1703: folds 
walshyfish: raises $0.20 to $0.30
mangiopesce: folds 
J.Irenicus: folds 
fantom20620: folds 
Uncalled bet ($0.20) returned to walshyfish
walshyfish collected $0.30 from pot
*** SUMMARY ***
Total pot $0.30 | Rake $0 
Seat 1: fantom20620 (big blind) folded before Flop
Seat 2: Dorex2007 folded before Flop (didn't bet)
Seat 3: kensho25 folded before Flop (didn't bet)
Seat 4: sergk33 folded before Flop (didn't bet)
Seat 5: bcv1703 folded before Flop (didn't bet)
Seat 6: walshyfish collected ($0.30)
Seat 8: mangiopesce (button) folded before Flop (didn't bet)
Seat 9: J.Irenicus (small blind) folded before Flop



PokerStars Hand #238521133173:  Hold'em No Limit ($0.05/$0.10 USD) - 2022/09/09 12:52:32 PT [2022/09/09 15:52:32 ET]
Table 'Ohio' 9-max Seat #9 is the button
Seat 1: fantom20620 ($10.74 in chips) 
Seat 2: Dorex2007 ($10 in chips) 
Seat 3: kensho25 ($10 in chips) 
Seat 4: sergk33 ($16.51 in chips) 
Seat 5: bcv1703 ($10.19 in chips) 
Seat 6: walshyfish ($43.59 in chips) 
Seat 8: mangiopesce ($10 in chips) 
Seat 9: J.Irenicus ($10 in chips) 
fantom20620: posts small blind $0.05
Dorex2007: posts big blind $0.10
*** HOLE CARDS ***
Dealt to Dorex2007 [Jd 3c]
kensho25: folds 
sergk33: raises $0.20 to $0.30
bcv1703: folds 
walshyfish: calls $0.30
mangiopesce: folds 
J.Irenicus: folds 
fantom20620: folds 
Dorex2007: folds 
*** FLOP *** [2d 7c As]
sergk33: bets $0.54
walshyfish: calls $0.54
*** TURN *** [2d 7c As] [8h]
sergk33: bets $0.87
walshyfish: calls $0.87
*** RIVER *** [2d 7c As 8h] [Qh]
sergk33: bets $2.56
kensho25 leaves the table
walshyfish: calls $2.56
*** SHOW DOWN ***
sergk33: shows [Qd Ac] (two pair, Aces and Queens)
walshyfish: mucks hand 
sergk33 collected $8.30 from pot
*** SUMMARY ***
Total pot $8.69 | Rake $0.39 
Board [2d 7c As 8h Qh]
Seat 1: fantom20620 (small blind) folded before Flop
Seat 2: Dorex2007 (big blind) folded before Flop
Seat 3: kensho25 folded before Flop (didn't bet)
Seat 4: sergk33 showed [Qd Ac] and won ($8.30) with two pair, Aces and Queens
Seat 5: bcv1703 folded before Flop (didn't bet)
Seat 6: walshyfish mucked [Ad 6d]
Seat 8: mangiopesce folded before Flop (didn't bet)
Seat 9: J.Irenicus (button) folded before Flop (didn't bet)



PokerStars Hand #238521160993:  Hold'em No Limit ($0.05/$0.10 USD) - 2022/09/09 12:53:38 PT [2022/09/09 15:53:38 ET]
Table 'Ohio' 9-max Seat #1 is the button
Seat 1: fantom20620 ($10.69 in chips) 
Seat 2: Dorex2007 ($10 in chips) 
Seat 4: sergk33 ($20.54 in chips) 
Seat 5: bcv1703 ($10.19 in chips) 
Seat 6: walshyfish ($39.32 in chips) 
Seat 8: mangiopesce ($10 in chips) 
Seat 9: J.Irenicus ($10 in chips) 
Dorex2007: posts small blind $0.05
sergk33: posts big blind $0.10
*** HOLE CARDS ***
Dealt to Dorex2007 [8s 2h]
bcv1703: calls $0.10
walshyfish: raises $0.30 to $0.40
mangiopesce: folds 
J.Irenicus: folds 
fantom20620: calls $0.40
Dorex2007: folds 
sergk33: folds 
bcv1703: calls $0.30
*** FLOP *** [Ah 3s 5c]
bcv1703: bets $1.29
walshyfish: calls $1.29
fantom20620: folds 
*** TURN *** [Ah 3s 5c] [8h]
bcv1703: bets $3.75
Kosorotov's guy joins the table at seat #3 
walshyfish: folds 
Uncalled bet ($3.75) returned to bcv1703
bcv1703 collected $3.75 from pot
bcv1703: doesn't show hand 
*** SUMMARY ***
Total pot $3.93 | Rake $0.18 
Board [Ah 3s 5c 8h]
Seat 1: fantom20620 (button) folded on the Flop
Seat 2: Dorex2007 (small blind) folded before Flop
Seat 4: sergk33 (big blind) folded before Flop
Seat 5: bcv1703 collected ($3.75)
Seat 6: walshyfish folded on the Turn
Seat 8: mangiopesce folded before Flop (didn't bet)
Seat 9: J.Irenicus folded before Flop (didn't bet)



PokerStars Hand #238521179175:  Hold'em No Limit ($0.05/$0.10 USD) - 2022/09/09 12:54:22 PT [2022/09/09 15:54:22 ET]
Table 'Ohio' 9-max Seat #2 is the button
Seat 1: fantom20620 ($10.29 in chips) 
Seat 2: Dorex2007 ($10 in chips) 
Seat 4: sergk33 ($20.44 in chips) 
Seat 5: bcv1703 ($12.25 in chips) 
Seat 6: walshyfish ($37.63 in chips) 
Seat 8: mangiopesce ($10 in chips) 
Seat 9: J.Irenicus ($10 in chips) 
sergk33: posts small blind $0.05
bcv1703: posts big blind $0.10
*** HOLE CARDS ***
Dealt to Dorex2007 [Qh 7c]
walshyfish: folds 
mangiopesce: folds 
J.Irenicus: folds 
fantom20620: folds 
Dorex2007: folds 
sergk33: folds 
Uncalled bet ($0.05) returned to bcv1703
bcv1703 collected $0.10 from pot
bcv1703: doesn't show hand 
*** SUMMARY ***
Total pot $0.10 | Rake $0 
Seat 1: fantom20620 folded before Flop (didn't bet)
Seat 2: Dorex2007 (button) folded before Flop (didn't bet)
Seat 4: sergk33 (small blind) folded before Flop
Seat 5: bcv1703 (big blind) collected ($0.10)
Seat 6: walshyfish folded before Flop (didn't bet)
Seat 8: mangiopesce folded before Flop (didn't bet)
Seat 9: J.Irenicus folded before Flop (didn't bet)



PokerStars Hand #238521184726:  Hold'em No Limit ($0.05/$0.10 USD) - 2022/09/09 12:54:36 PT [2022/09/09 15:54:36 ET]
Table 'Ohio' 9-max Seat #4 is the button
Seat 1: fantom20620 ($10.29 in chips) 
Seat 2: Dorex2007 ($10 in chips) 
Seat 3: Kosorotov's guy ($7 in chips) 
Seat 4: sergk33 ($20.39 in chips) 
Seat 5: bcv1703 ($12.30 in chips) 
Seat 6: walshyfish ($37.63 in chips) 
Seat 8: mangiopesce ($10 in chips) 
Seat 9: J.Irenicus ($10 in chips) 
bcv1703: posts small blind $0.05
walshyfish: posts big blind $0.10
Kosorotov's guy: posts big blind $0.10
*** HOLE CARDS ***
Dealt to Dorex2007 [2s 3d]
mangiopesce: folds 
J.Irenicus: folds 
fantom20620: folds 
Dorex2007: folds 
Kosorotov's guy: raises $0.20 to $0.30
sergk33: folds 
bcv1703: folds 
walshyfish: calls $0.20
*** FLOP *** [7c 9h 4c]
walshyfish: bets $0.30
Kosorotov's guy: folds 
Uncalled bet ($0.30) returned to walshyfish
walshyfish collected $0.62 from pot
*** SUMMARY ***
Total pot $0.65 | Rake $0.03 
Board [7c 9h 4c]
Seat 1: fantom20620 folded before Flop (didn't bet)
Seat 2: Dorex2007 folded before Flop (didn't bet)
Seat 3: Kosorotov's guy folded on the Flop
Seat 4: sergk33 (button) folded before Flop (didn't bet)
Seat 5: bcv1703 (small blind) folded before Flop
Seat 6: walshyfish (big blind) collected ($0.62)
Seat 8: mangiopesce folded before Flop (didn't bet)
Seat 9: J.Irenicus folded before Flop (didn't bet)



PokerStars Hand #238521199804:  Hold'em No Limit ($0.05/$0.10 USD) - 2022/09/09 12:55:12 PT [2022/09/09 15:55:12 ET]
Table 'Ohio' 9-max Seat #5 is the button
Seat 1: fantom20620 ($10.29 in chips) 
Seat 2: Dorex2007 ($10 in chips) 
Seat 3: Kosorotov's guy ($6.70 in chips) 
Seat 4: sergk33 ($20.39 in chips) 
Seat 5: bcv1703 ($12.25 in chips) 
Seat 6: walshyfish ($37.95 in chips) 
Seat 8: mangiopesce ($10 in chips) 
Seat 9: J.Irenicus ($10 in chips) 
walshyfish: posts small blind $0.05
mangiopesce: posts big blind $0.10
*** HOLE CARDS ***
Dealt to Dorex2007 [3d 4c]
J.Irenicus: folds 
fantom20620: folds 
Dorex2007: folds 
Kosorotov's guy: folds 
sergk33: folds 
bcv1703: folds 
walshyfish: raises $0.20 to $0.30
mangiopesce: calls $0.20
*** FLOP *** [7c 9h As]
walshyfish: bets $0.28
mangiopesce: calls $0.28
*** TURN *** [7c 9h As] [Kh]
walshyfish: bets $0.55
mangiopesce: calls $0.55
*** RIVER *** [7c 9h As Kh] [2h]
walshyfish: checks 
mangiopesce: bets $1.20
walshyfish: calls $1.20
*** SHOW DOWN ***
mangiopesce: shows [Ad Th] (a pair of Aces)
walshyfish: mucks hand 
mangiopesce collected $4.45 from pot
*** SUMMARY ***
Total pot $4.66 | Rake $0.21 
Board [7c 9h As Kh 2h]
Seat 1: fantom20620 folded before Flop (didn't bet)
Seat 2: Dorex2007 folded before Flop (didn't bet)
Seat 3: Kosorotov's guy folded before Flop (didn't bet)
Seat 4: sergk33 folded before Flop (didn't bet)
Seat 5: bcv1703 (button) folded before Flop (didn't bet)
Seat 6: walshyfish (small blind) mucked [8d Ac]
Seat 8: mangiopesce (big blind) showed [Ad Th] and won ($4.45) with a pair of Aces
Seat 9: J.Irenicus folded before Flop (didn't bet)



PokerStars Hand #238521214780:  Hold'em No Limit ($0.05/$0.10 USD) - 2022/09/09 12:56:06 PT [2022/09/09 15:56:06 ET]
Table 'Ohio' 9-max Seat #6 is the button
Seat 1: fantom20620 ($10.29 in chips) 
Seat 2: Dorex2007 ($10 in chips) 
Seat 3: Kosorotov's guy ($6.70 in chips) 
Seat 4: sergk33 ($20.39 in chips) 
Seat 5: bcv1703 ($12.25 in chips) 
Seat 6: walshyfish ($35.62 in chips) 
Seat 8: mangiopesce ($12.12 in chips) 
Seat 9: J.Irenicus ($10 in chips) 
mangiopesce: posts small blind $0.05
J.Irenicus: posts big blind $0.10
*** HOLE CARDS ***
Dealt to Dorex2007 [Qd 6d]
fantom20620: folds 
Dorex2007: folds 
Kosorotov's guy: folds 
sergk33: folds 
bcv1703: raises $0.15 to $0.25
walshyfish: raises $0.45 to $0.70
mangiopesce: folds 
J.Irenicus: folds 
bcv1703: folds 
Uncalled bet ($0.45) returned to walshyfish
walshyfish collected $0.65 from pot
*** SUMMARY ***
Total pot $0.65 | Rake $0 
Seat 1: fantom20620 folded before Flop (didn't bet)
Seat 2: Dorex2007 folded before Flop (didn't bet)
Seat 3: Kosorotov's guy folded before Flop (didn't bet)
Seat 4: sergk33 folded before Flop (didn't bet)
Seat 5: bcv1703 folded before Flop
Seat 6: walshyfish (button) collected ($0.65)
Seat 8: mangiopesce (small blind) folded before Flop
Seat 9: J.Irenicus (big blind) folded before Flop



PokerStars Hand #238521220284:  Hold'em No Limit ($0.05/$0.10 USD) - 2022/09/09 12:56:27 PT [2022/09/09 15:56:27 ET]
Table 'Ohio' 9-max Seat #8 is the button
Seat 1: fantom20620 ($10.29 in chips) 
Seat 2: Dorex2007 ($10 in chips) 
Seat 3: Kosorotov's guy ($6.70 in chips) 
Seat 4: sergk33 ($20.39 in chips) 
Seat 5: bcv1703 ($12 in chips) 
Seat 6: walshyfish ($36.02 in chips) 
Seat 8: mangiopesce ($12.07 in chips) 
Seat 9: J.Irenicus ($10 in chips) 
J.Irenicus: posts small blind $0.05
fantom20620: posts big blind $0.10
*** HOLE CARDS ***
Dealt to Dorex2007 [2d Ah]
Dorex2007: folds 
Kosorotov's guy: folds 
sergk33: folds 
bcv1703: folds 
walshyfish: folds 
mangiopesce: raises $0.20 to $0.30
J.Irenicus: folds 
fantom20620: folds 
Uncalled bet ($0.20) returned to mangiopesce
mangiopesce collected $0.25 from pot
mangiopesce: doesn't show hand 
*** SUMMARY ***
Total pot $0.25 | Rake $0 
Seat 1: fantom20620 (big blind) folded before Flop
Seat 2: Dorex2007 folded before Flop (didn't bet)
Seat 3: Kosorotov's guy folded before Flop (didn't bet)
Seat 4: sergk33 folded before Flop (didn't bet)
Seat 5: bcv1703 folded before Flop (didn't bet)
Seat 6: walshyfish folded before Flop (didn't bet)
Seat 8: mangiopesce (button) collected ($0.25)
Seat 9: J.Irenicus (small blind) folded before Flop



PokerStars Hand #238521226509:  Hold'em No Limit ($0.05/$0.10 USD) - 2022/09/09 12:56:49 PT [2022/09/09 15:56:49 ET]
Table 'Ohio' 9-max Seat #9 is the button
Seat 1: fantom20620 ($10.19 in chips) 
Seat 2: Dorex2007 ($10 in chips) 
Seat 3: Kosorotov's guy ($6.70 in chips) 
Seat 4: sergk33 ($20.39 in chips) 
Seat 5: bcv1703 ($12 in chips) 
Seat 6: walshyfish ($36.02 in chips) 
Seat 8: mangiopesce ($12.22 in chips) 
Seat 9: J.Irenicus ($10 in chips) 
fantom20620: posts small blind $0.05
Dorex2007: posts big blind $0.10
*** HOLE CARDS ***
Dealt to Dorex2007 [7c Kc]
Kosorotov's guy: raises $0.15 to $0.25
sergk33: folds 
sergk33 leaves the table
bcv1703: folds 
walshyfish: folds 
mangiopesce: folds 
J.Irenicus: folds 
fantom20620: folds 
Dorex2007: folds 
Uncalled bet ($0.15) returned to Kosorotov's guy
Kosorotov's guy collected $0.25 from pot
Kosorotov's guy: doesn't show hand 
*** SUMMARY ***
Total pot $0.25 | Rake $0 
Seat 1: fantom20620 (small blind) folded before Flop
Seat 2: Dorex2007 (big blind) folded before Flop
Seat 3: Kosorotov's guy collected ($0.25)
Seat 4: sergk33 folded before Flop (didn't bet)
Seat 5: bcv1703 folded before Flop (didn't bet)
Seat 6: walshyfish folded before Flop (didn't bet)
Seat 8: mangiopesce folded before Flop (didn't bet)
Seat 9: J.Irenicus (button) folded before Flop (didn't bet)



PokerStars Hand #238521230821:  Hold'em No Limit ($0.05/$0.10 USD) - 2022/09/09 12:57:05 PT [2022/09/09 15:57:05 ET]
Table 'Ohio' 9-max Seat #1 is the button
Seat 1: fantom20620 ($10.14 in chips) 
Seat 2: Dorex2007 ($10 in chips) 
Seat 3: Kosorotov's guy ($6.85 in chips) 
Seat 5: bcv1703 ($12 in chips) 
Seat 6: walshyfish ($36.02 in chips) 
Seat 8: mangiopesce ($12.22 in chips) 
Seat 9: J.Irenicus ($10 in chips) 
Dorex2007: posts small blind $0.05
Kosorotov's guy: posts big blind $0.10
*** HOLE CARDS ***
Dealt to Dorex2007 [Jc As]
bcv1703: folds 
walshyfish: folds 
walshyfish leaves the table
mangiopesce: folds 
J.Irenicus: folds 
fantom20620: folds 
Dorex2007: calls $0.05
sleighty21 leaves the table
Kosorotov's guy: checks 
*** FLOP *** [6h 7d 3h]
Dorex2007: checks 
Kosorotov's guy: bets $0.10
Dorex2007: folds 
Uncalled bet ($0.10) returned to Kosorotov's guy
Kosorotov's guy collected $0.19 from pot
Kosorotov's guy: doesn't show hand 
*** SUMMARY ***
Total pot $0.20 | Rake $0.01 
Board [6h 7d 3h]
Seat 1: fantom20620 (button) folded before Flop (didn't bet)
Seat 2: Dorex2007 (small blind) folded on the Flop
Seat 3: Kosorotov's guy (big blind) collected ($0.19)
Seat 5: bcv1703 folded before Flop (didn't bet)
Seat 6: walshyfish folded before Flop (didn't bet)
Seat 8: mangiopesce folded before Flop (didn't bet)
Seat 9: J.Irenicus folded before Flop (didn't bet)



PokerStars Hand #238521238206:  Hold'em No Limit ($0.05/$0.10 USD) - 2022/09/09 12:57:32 PT [2022/09/09 15:57:32 ET]
Table 'Ohio' 9-max Seat #2 is the button
Seat 1: fantom20620 ($10.14 in chips) 
Seat 2: Dorex2007 ($10 in chips) 
Seat 3: Kosorotov's guy ($6.94 in chips) 
Seat 8: mangiopesce ($12.22 in chips) 
Seat 9: J.Irenicus ($10 in chips) 
Kosorotov's guy: posts small blind $0.05
bcv1703: is sitting out 
mangiopesce: posts big blind $0.10
*** HOLE CARDS ***
Dealt to Dorex2007 [Ac 5c]
J.Irenicus: folds 
fantom20620: folds 
Dorex2007: folds 
bcv1703 leaves the table
Kosorotov's guy: calls $0.05
mangiopesce: checks 
*** FLOP *** [5s 4c 4h]
Kosorotov's guy: checks 
mangiopesce: checks 
*** TURN *** [5s 4c 4h] [7d]
Kosorotov's guy: checks 
mangiopesce: checks 
*** RIVER *** [5s 4c 4h 7d] [9c]
Kosorotov's guy: checks 
mangiopesce: checks 
*** SHOW DOWN ***
Kosorotov's guy: shows [Tc Js] (a pair of Fours)
mangiopesce: mucks hand 
Kosorotov's guy collected $0.19 from pot
*** SUMMARY ***
Total pot $0.20 | Rake $0.01 
Board [5s 4c 4h 7d 9c]
Seat 1: fantom20620 folded before Flop (didn't bet)
Seat 2: Dorex2007 (button) folded before Flop (didn't bet)
Seat 3: Kosorotov's guy (small blind) showed [Tc Js] and won ($0.19) with a pair of Fours
Seat 8: mangiopesce (big blind) mucked [Jc 8c]
Seat 9: J.Irenicus folded before Flop (didn't bet)



