PokerStars Hand #236908651975:  Hold'em No Limit ($0.01/$0.02 USD) - 2022/06/21 18:43:30 PT [2022/06/21 21:43:30 ET]
Table 'Bianca' 9-max Seat #7 is the button
Seat 1: Jack Ogro ($3.56 in chips) 
Seat 2: gambitl1 ($2.11 in chips) 
Seat 3: 11 Espritus ($3.11 in chips) 
Seat 4: perffect16 ($2.09 in chips) 
Seat 5: cberto09 ($3.93 in chips) 
Seat 6: Dorex2007 ($2 in chips) 
Seat 7: djkimera ($2 in chips) 
Seat 8: JPredor23 ($1.32 in chips) 
Seat 9: Aguinaldo1711 ($0.90 in chips) 
JPredor23: posts small blind $0.01
Aguinaldo1711: posts big blind $0.02
Dorex2007: posts big blind $0.02
*** HOLE CARDS ***
Dealt to Dorex2007 [As 9d]
Jack Ogro has timed out
Jack Ogro: folds 
gambitl1: folds 
11 Espritus: folds 
perffect16: folds 
cberto09: folds 
Jack Ogro leaves the table
Dorex2007: checks 
djkimera: calls $0.02
JPredor23: calls $0.01
Aguinaldo1711: raises $0.02 to $0.04
Dorex2007: folds 
djkimera: calls $0.02
JPredor23: calls $0.02
*** FLOP *** [4s 6h 3s]
JPredor23: checks 
Aguinaldo1711: bets $0.14
djkimera: folds 
JPredor23: folds 
Uncalled bet ($0.14) returned to Aguinaldo1711
Aguinaldo1711 collected $0.14 from pot
*** SUMMARY ***
Total pot $0.14 | Rake $0 
Board [4s 6h 3s]
Seat 1: Jack Ogro folded before Flop (didn't bet)
Seat 2: gambitl1 folded before Flop (didn't bet)
Seat 3: 11 Espritus folded before Flop (didn't bet)
Seat 4: perffect16 folded before Flop (didn't bet)
Seat 5: cberto09 folded before Flop (didn't bet)
Seat 6: Dorex2007 folded before Flop (didn't bet)
Seat 7: djkimera (button) folded on the Flop
Seat 8: JPredor23 (small blind) folded on the Flop
Seat 9: Aguinaldo1711 (big blind) collected ($0.14)



PokerStars Hand #236908666568:  Hold'em No Limit ($0.01/$0.02 USD) - 2022/06/21 18:44:41 PT [2022/06/21 21:44:41 ET]
Table 'Bianca' 9-max Seat #8 is the button
Seat 2: gambitl1 ($2.11 in chips) 
Seat 3: 11 Espritus ($3.11 in chips) 
Seat 4: perffect16 ($2.09 in chips) 
Seat 5: cberto09 ($3.93 in chips) 
Seat 6: Dorex2007 ($2 in chips) 
Seat 7: djkimera ($2 in chips) 
Seat 8: JPredor23 ($1.28 in chips) 
Seat 9: Aguinaldo1711 ($1 in chips) 
Aguinaldo1711: posts small blind $0.01
gambitl1: posts big blind $0.02
*** HOLE CARDS ***
Dealt to Dorex2007 [Qs 9d]
11 Espritus: folds 
perffect16: folds 
cberto09: folds 
Dorex2007: folds 
djkimera: folds 
JPredor23: raises $0.04 to $0.06
Aguinaldo1711: calls $0.05
gambitl1: folds 
*** FLOP *** [Th Kc 2s]
Aguinaldo1711: checks 
JPredor23: bets $0.07
Aguinaldo1711: folds 
Uncalled bet ($0.07) returned to JPredor23
JPredor23 collected $0.14 from pot
JPredor23: doesn't show hand 
*** SUMMARY ***
Total pot $0.14 | Rake $0 
Board [Th Kc 2s]
Seat 2: gambitl1 (big blind) folded before Flop
Seat 3: 11 Espritus folded before Flop (didn't bet)
Seat 4: perffect16 folded before Flop (didn't bet)
Seat 5: cberto09 folded before Flop (didn't bet)
Seat 6: Dorex2007 folded before Flop (didn't bet)
Seat 7: djkimera folded before Flop (didn't bet)
Seat 8: JPredor23 (button) collected ($0.14)
Seat 9: Aguinaldo1711 (small blind) folded on the Flop



PokerStars Hand #236908676389:  Hold'em No Limit ($0.01/$0.02 USD) - 2022/06/21 18:45:29 PT [2022/06/21 21:45:29 ET]
Table 'Bianca' 9-max Seat #9 is the button
Seat 2: gambitl1 ($2.09 in chips) 
Seat 3: 11 Espritus ($3.11 in chips) 
Seat 4: perffect16 ($2.09 in chips) 
Seat 5: cberto09 ($3.93 in chips) 
Seat 6: Dorex2007 ($2 in chips) 
Seat 7: djkimera ($2 in chips) 
Seat 8: JPredor23 ($1.36 in chips) 
Seat 9: Aguinaldo1711 ($0.94 in chips) 
gambitl1: posts small blind $0.01
11 Espritus: posts big blind $0.02
*** HOLE CARDS ***
Dealt to Dorex2007 [7h Kh]
perffect16: calls $0.02
cberto09: folds 
Dorex2007: calls $0.02
djkimera: folds 
JPredor23: raises $0.09 to $0.11
Aguinaldo1711: calls $0.11
pituwini joins the table at seat #1 
gambitl1 is disconnected 
gambitl1 is connected 
gambitl1: folds 
11 Espritus: folds 
perffect16: folds 
Dorex2007: folds 
*** FLOP *** [Jh Kd 7s]
JPredor23: checks 
Aguinaldo1711: bets $0.28
JPredor23: raises $0.97 to $1.25 and is all-in
Aguinaldo1711: calls $0.55 and is all-in
Uncalled bet ($0.42) returned to JPredor23
*** TURN *** [Jh Kd 7s] [Tc]
*** RIVER *** [Jh Kd 7s Tc] [4s]
*** SHOW DOWN ***
JPredor23: shows [8h 8c] (a pair of Eights)
Aguinaldo1711: shows [4d 7d] (two pair, Sevens and Fours)
Aguinaldo1711 collected $1.88 from pot
JPredor23 cashed out the hand for $1.45 | Cash Out Fee $0.01
*** SUMMARY ***
Total pot $1.95 | Rake $0.07 
Board [Jh Kd 7s Tc 4s]
Seat 2: gambitl1 (small blind) folded before Flop
Seat 3: 11 Espritus (big blind) folded before Flop
Seat 4: perffect16 folded before Flop
Seat 5: cberto09 folded before Flop (didn't bet)
Seat 6: Dorex2007 folded before Flop
Seat 7: djkimera folded before Flop (didn't bet)
Seat 8: JPredor23 showed [8h 8c] and lost with a pair of Eights (cashed out).
Seat 9: Aguinaldo1711 (button) showed [4d 7d] and won ($1.88) with two pair, Sevens and Fours



PokerStars Hand #236908718854:  Hold'em No Limit ($0.01/$0.02 USD) - 2022/06/21 18:47:47 PT [2022/06/21 21:47:47 ET]
Table 'Bianca' 9-max Seat #2 is the button
Seat 1: pituwini ($0.80 in chips) 
Seat 2: gambitl1 ($2.08 in chips) 
Seat 3: 11 Espritus ($3.09 in chips) 
Seat 4: perffect16 ($2.07 in chips) 
Seat 5: cberto09 ($3.93 in chips) 
Seat 6: Dorex2007 ($2 in chips) 
Seat 7: djkimera ($2 in chips) 
Seat 8: JPredor23 ($1.87 in chips) 
Seat 9: Aguinaldo1711 ($1.88 in chips) 
11 Espritus: posts small blind $0.01
perffect16: posts big blind $0.02
pituwini: posts big blind $0.02
*** HOLE CARDS ***
Dealt to Dorex2007 [9c Qd]
cberto09: raises $0.04 to $0.06
Dorex2007: folds 
djkimera: folds 
JPredor23: folds 
Aguinaldo1711: calls $0.06
pituwini: folds 
gambitl1: folds 
11 Espritus: folds 
perffect16: folds 
*** FLOP *** [6c 8s 3d]
cberto09: bets $0.05
Aguinaldo1711: calls $0.05
*** TURN *** [6c 8s 3d] [Kh]
cberto09: checks 
Aguinaldo1711: bets $0.26
cberto09: folds 
Uncalled bet ($0.26) returned to Aguinaldo1711
Aguinaldo1711 collected $0.26 from pot
*** SUMMARY ***
Total pot $0.27 | Rake $0.01 
Board [6c 8s 3d Kh]
Seat 1: pituwini folded before Flop (didn't bet)
Seat 2: gambitl1 (button) folded before Flop (didn't bet)
Seat 3: 11 Espritus (small blind) folded before Flop
Seat 4: perffect16 (big blind) folded before Flop
Seat 5: cberto09 folded on the Turn
Seat 6: Dorex2007 folded before Flop (didn't bet)
Seat 7: djkimera folded before Flop (didn't bet)
Seat 8: JPredor23 folded before Flop (didn't bet)
Seat 9: Aguinaldo1711 collected ($0.26)



PokerStars Hand #236908740151:  Hold'em No Limit ($0.01/$0.02 USD) - 2022/06/21 18:48:46 PT [2022/06/21 21:48:46 ET]
Table 'Bianca' 9-max Seat #3 is the button
Seat 1: pituwini ($0.78 in chips) 
Seat 2: gambitl1 ($2.08 in chips) 
Seat 3: 11 Espritus ($3.08 in chips) 
Seat 4: perffect16 ($2.05 in chips) 
Seat 5: cberto09 ($3.82 in chips) 
Seat 6: Dorex2007 ($2 in chips) 
Seat 7: djkimera ($2 in chips) 
Seat 8: JPredor23 ($1.87 in chips) 
Seat 9: Aguinaldo1711 ($2.03 in chips) 
perffect16: posts small blind $0.01
cberto09: posts big blind $0.02
*** HOLE CARDS ***
Dealt to Dorex2007 [3d Jd]
Dorex2007: folds 
djkimera: folds 
JPredor23: folds 
Aguinaldo1711: calls $0.02
pituwini: calls $0.02
gambitl1: folds 
11 Espritus: folds 
perffect16: calls $0.01
cberto09: checks 
*** FLOP *** [Qc Qs 6s]
perffect16: checks 
cberto09: checks 
Aguinaldo1711: bets $0.04
pituwini: calls $0.04
perffect16: folds 
cberto09: folds 
*** TURN *** [Qc Qs 6s] [8h]
Aguinaldo1711: bets $0.15
pituwini: folds 
Uncalled bet ($0.15) returned to Aguinaldo1711
Aguinaldo1711 collected $0.15 from pot
*** SUMMARY ***
Total pot $0.16 | Rake $0.01 
Board [Qc Qs 6s 8h]
Seat 1: pituwini folded on the Turn
Seat 2: gambitl1 folded before Flop (didn't bet)
Seat 3: 11 Espritus (button) folded before Flop (didn't bet)
Seat 4: perffect16 (small blind) folded on the Flop
Seat 5: cberto09 (big blind) folded on the Flop
Seat 6: Dorex2007 folded before Flop (didn't bet)
Seat 7: djkimera folded before Flop (didn't bet)
Seat 8: JPredor23 folded before Flop (didn't bet)
Seat 9: Aguinaldo1711 collected ($0.15)



PokerStars Hand #236908759084:  Hold'em No Limit ($0.01/$0.02 USD) - 2022/06/21 18:50:19 PT [2022/06/21 21:50:19 ET]
Table 'Bianca' 9-max Seat #4 is the button
Seat 1: pituwini ($0.72 in chips) 
Seat 2: gambitl1 ($2.08 in chips) 
Seat 3: 11 Espritus ($3.08 in chips) 
Seat 4: perffect16 ($2.03 in chips) 
Seat 5: cberto09 ($3.80 in chips) 
Seat 6: Dorex2007 ($2 in chips) 
Seat 7: djkimera ($2 in chips) 
Seat 8: JPredor23 ($1.87 in chips) 
Seat 9: Aguinaldo1711 ($2.12 in chips) 
cberto09: posts small blind $0.01
Dorex2007: posts big blind $0.02
*** HOLE CARDS ***
Dealt to Dorex2007 [As Ac]
djkimera: folds 
JPredor23: raises $0.04 to $0.06
Aguinaldo1711: folds 
pituwini: calls $0.06
gambitl1: folds 
11 Espritus: folds 
perffect16: folds 
cberto09: folds 
Dorex2007: raises $0.10 to $0.16
JPredor23: folds 
pituwini: raises $0.56 to $0.72 and is all-in
Dorex2007: calls $0.56
*** FLOP *** [5c Jc 9s]
*** TURN *** [5c Jc 9s] [Ad]
*** RIVER *** [5c Jc 9s Ad] [3d]
*** SHOW DOWN ***
Dorex2007: shows [As Ac] (three of a kind, Aces)
pituwini: shows [3h 3c] (three of a kind, Threes)
Dorex2007 cashed out the hand for $1.19 | Cash Out Fee $0.01
*** SUMMARY ***
Total pot $1.51 | Rake $0.05 
Board [5c Jc 9s Ad 3d]
Seat 1: pituwini showed [3h 3c] and lost with three of a kind, Threes
Seat 2: gambitl1 folded before Flop (didn't bet)
Seat 3: 11 Espritus folded before Flop (didn't bet)
Seat 4: perffect16 (button) folded before Flop (didn't bet)
Seat 5: cberto09 (small blind) folded before Flop
Seat 6: Dorex2007 (big blind) showed [As Ac] and won ($1.46) with three of a kind, Aces (pot not awarded as player cashed out)
Seat 7: djkimera folded before Flop (didn't bet)
Seat 8: JPredor23 folded before Flop
Seat 9: Aguinaldo1711 folded before Flop (didn't bet)



PokerStars Hand #236908771995:  Hold'em No Limit ($0.01/$0.02 USD) - 2022/06/21 18:51:22 PT [2022/06/21 21:51:22 ET]
Table 'Bianca' 9-max Seat #5 is the button
Seat 2: gambitl1 ($2.08 in chips) 
Seat 3: 11 Espritus ($3.08 in chips) 
Seat 4: perffect16 ($2.03 in chips) 
Seat 5: cberto09 ($3.79 in chips) 
Seat 6: Dorex2007 ($2.47 in chips) 
Seat 7: djkimera ($2 in chips) 
Seat 8: JPredor23 ($1.81 in chips) 
Seat 9: Aguinaldo1711 ($2.12 in chips) 
Dorex2007: posts small blind $0.01
djkimera: posts big blind $0.02
*** HOLE CARDS ***
Dealt to Dorex2007 [2c Qc]
JPredor23: folds 
pituwini leaves the table
Aguinaldo1711: calls $0.02
gambitl1: folds 
11 Espritus: folds 
perffect16: folds 
cberto09 has timed out
cberto09: folds 
Dorex2007: folds 
djkimera: checks 
*** FLOP *** [3s 4s Jc]
djkimera: checks 
Aguinaldo1711: bets $0.02
little red12 joins the table at seat #1 
djkimera: calls $0.02
*** TURN *** [3s 4s Jc] [Jd]
djkimera: checks 
Aguinaldo1711: bets $0.09
djkimera: calls $0.09
*** RIVER *** [3s 4s Jc Jd] [9h]
djkimera: checks 
Aguinaldo1711: bets $0.26
djkimera: calls $0.26
*** SHOW DOWN ***
Aguinaldo1711: shows [Ad 8c] (a pair of Jacks)
djkimera: shows [2h 4d] (two pair, Jacks and Fours)
djkimera collected $0.76 from pot
*** SUMMARY ***
Total pot $0.79 | Rake $0.03 
Board [3s 4s Jc Jd 9h]
Seat 2: gambitl1 folded before Flop (didn't bet)
Seat 3: 11 Espritus folded before Flop (didn't bet)
Seat 4: perffect16 folded before Flop (didn't bet)
Seat 5: cberto09 (button) folded before Flop (didn't bet)
Seat 6: Dorex2007 (small blind) folded before Flop
Seat 7: djkimera (big blind) showed [2h 4d] and won ($0.76) with two pair, Jacks and Fours
Seat 8: JPredor23 folded before Flop (didn't bet)
Seat 9: Aguinaldo1711 showed [Ad 8c] and lost with a pair of Jacks



PokerStars Hand #236908785932:  Hold'em No Limit ($0.01/$0.02 USD) - 2022/06/21 18:52:31 PT [2022/06/21 21:52:31 ET]
Table 'Bianca' 9-max Seat #6 is the button
Seat 1: little red12 ($1.06 in chips) 
Seat 2: gambitl1 ($2.08 in chips) 
Seat 3: 11 Espritus ($3.08 in chips) 
Seat 4: perffect16 ($2.03 in chips) 
Seat 5: cberto09 ($3.79 in chips) 
Seat 6: Dorex2007 ($2.46 in chips) 
Seat 7: djkimera ($2.37 in chips) 
Seat 8: JPredor23 ($1.81 in chips) 
Seat 9: Aguinaldo1711 ($1.73 in chips) 
djkimera: posts small blind $0.01
JPredor23: posts big blind $0.02
little red12: posts big blind $0.02
*** HOLE CARDS ***
Dealt to Dorex2007 [Kh 5h]
Aguinaldo1711: calls $0.02
little red12: checks 
gambitl1: folds 
11 Espritus: folds 
perffect16: calls $0.02
cberto09: folds 
Dorex2007: calls $0.02
djkimera: calls $0.01
JPredor23: checks 
*** FLOP *** [Ks 8c 8h]
djkimera: checks 
JPredor23: checks 
Aguinaldo1711: checks 
little red12: checks 
perffect16: checks 
Dorex2007: checks 
*** TURN *** [Ks 8c 8h] [3s]
djkimera: bets $0.09
JPredor23: folds 
Aguinaldo1711: folds 
little red12: folds 
perffect16: folds 
Dorex2007: folds 
Uncalled bet ($0.09) returned to djkimera
djkimera collected $0.12 from pot
djkimera: doesn't show hand 
*** SUMMARY ***
Total pot $0.12 | Rake $0 
Board [Ks 8c 8h 3s]
Seat 1: little red12 folded on the Turn (didn't bet)
Seat 2: gambitl1 folded before Flop (didn't bet)
Seat 3: 11 Espritus folded before Flop (didn't bet)
Seat 4: perffect16 folded on the Turn
Seat 5: cberto09 folded before Flop (didn't bet)
Seat 6: Dorex2007 (button) folded on the Turn
Seat 7: djkimera (small blind) collected ($0.12)
Seat 8: JPredor23 (big blind) folded on the Turn
Seat 9: Aguinaldo1711 folded on the Turn



PokerStars Hand #236908803544:  Hold'em No Limit ($0.01/$0.02 USD) - 2022/06/21 18:53:58 PT [2022/06/21 21:53:58 ET]
Table 'Bianca' 9-max Seat #7 is the button
Seat 1: little red12 ($1.04 in chips) 
Seat 2: gambitl1 ($2.08 in chips) 
Seat 3: 11 Espritus ($3.08 in chips) 
Seat 4: perffect16 ($2.01 in chips) 
Seat 5: cberto09 ($3.79 in chips) 
Seat 6: Dorex2007 ($2.44 in chips) 
Seat 7: djkimera ($2.47 in chips) 
Seat 8: JPredor23 ($1.79 in chips) 
Seat 9: Aguinaldo1711 ($1.71 in chips) 
JPredor23: posts small blind $0.01
Aguinaldo1711: posts big blind $0.02
*** HOLE CARDS ***
Dealt to Dorex2007 [3h 2d]
little red12: calls $0.02
gambitl1: folds 
11 Espritus: folds 
perffect16: folds 
cberto09 has timed out
cberto09: folds 
Dorex2007: folds 
djkimera: folds 
JPredor23: folds 
Aguinaldo1711: checks 
*** FLOP *** [5c Qc Ac]
Aguinaldo1711: bets $0.02
little red12: calls $0.02
*** TURN *** [5c Qc Ac] [Ts]
Aguinaldo1711: bets $0.09
little red12: calls $0.09
*** RIVER *** [5c Qc Ac Ts] [7h]
Aguinaldo1711: checks 
little red12: bets $0.13
Aguinaldo1711: folds 
Uncalled bet ($0.13) returned to little red12
little red12 collected $0.26 from pot
little red12: doesn't show hand 
*** SUMMARY ***
Total pot $0.27 | Rake $0.01 
Board [5c Qc Ac Ts 7h]
Seat 1: little red12 collected ($0.26)
Seat 2: gambitl1 folded before Flop (didn't bet)
Seat 3: 11 Espritus folded before Flop (didn't bet)
Seat 4: perffect16 folded before Flop (didn't bet)
Seat 5: cberto09 folded before Flop (didn't bet)
Seat 6: Dorex2007 folded before Flop (didn't bet)
Seat 7: djkimera (button) folded before Flop (didn't bet)
Seat 8: JPredor23 (small blind) folded before Flop
Seat 9: Aguinaldo1711 (big blind) folded on the River



PokerStars Hand #236908817393:  Hold'em No Limit ($0.01/$0.02 USD) - 2022/06/21 18:55:07 PT [2022/06/21 21:55:07 ET]
Table 'Bianca' 9-max Seat #8 is the button
Seat 1: little red12 ($1.17 in chips) 
Seat 2: gambitl1 ($2.08 in chips) 
Seat 3: 11 Espritus ($3.08 in chips) 
Seat 4: perffect16 ($2.01 in chips) 
Seat 5: cberto09 ($3.79 in chips) 
Seat 6: Dorex2007 ($2.44 in chips) 
Seat 7: djkimera ($2.47 in chips) 
Seat 8: JPredor23 ($1.78 in chips) 
Seat 9: Aguinaldo1711 ($1.58 in chips) 
Aguinaldo1711: posts small blind $0.01
little red12: posts big blind $0.02
*** HOLE CARDS ***
Dealt to Dorex2007 [Kc 7d]
gambitl1 has timed out
gambitl1: folds 
11 Espritus: folds 
perffect16: raises $0.05 to $0.07
cberto09 has timed out
cberto09: folds 
Dorex2007: folds 
djkimera: folds 
JPredor23: calls $0.07
Aguinaldo1711: calls $0.06
little red12: folds 
*** FLOP *** [8s 7s 2c]
Aguinaldo1711: bets $0.02
perffect16: calls $0.02
JPredor23: raises $0.08 to $0.10
Aguinaldo1711: calls $0.08
perffect16: folds 
*** TURN *** [8s 7s 2c] [Ac]
Aguinaldo1711: bets $0.43
JPredor23: folds 
Uncalled bet ($0.43) returned to Aguinaldo1711
Aguinaldo1711 collected $0.43 from pot
*** SUMMARY ***
Total pot $0.45 | Rake $0.02 
Board [8s 7s 2c Ac]
Seat 1: little red12 (big blind) folded before Flop
Seat 2: gambitl1 folded before Flop (didn't bet)
Seat 3: 11 Espritus folded before Flop (didn't bet)
Seat 4: perffect16 folded on the Flop
Seat 5: cberto09 folded before Flop (didn't bet)
Seat 6: Dorex2007 folded before Flop (didn't bet)
Seat 7: djkimera folded before Flop (didn't bet)
Seat 8: JPredor23 (button) folded on the Turn
Seat 9: Aguinaldo1711 (small blind) collected ($0.43)



PokerStars Hand #236908835746:  Hold'em No Limit ($0.01/$0.02 USD) - 2022/06/21 18:57:00 PT [2022/06/21 21:57:00 ET]
Table 'Bianca' 9-max Seat #9 is the button
Seat 1: little red12 ($1.15 in chips) 
Seat 2: gambitl1 ($2.08 in chips) 
Seat 3: 11 Espritus ($3.08 in chips) 
Seat 4: perffect16 ($2 in chips) 
Seat 6: Dorex2007 ($2.44 in chips) 
Seat 7: djkimera ($2.47 in chips) 
Seat 8: JPredor23 ($1.61 in chips) 
Seat 9: Aguinaldo1711 ($1.84 in chips) 
little red12: posts small blind $0.01
gambitl1: posts big blind $0.02
*** HOLE CARDS ***
Dealt to Dorex2007 [4h Qs]
11 Espritus: folds 
perffect16: raises $0.04 to $0.06
Dorex2007: folds 
djkimera: folds 
JPredor23: folds 
Aguinaldo1711: calls $0.06
little red12: folds 
gambitl1: folds 
*** FLOP *** [Kc 2h Jh]
perffect16: checks 
Aguinaldo1711: bets $0.02
perffect16: calls $0.02
*** TURN *** [Kc 2h Jh] [Tc]
perffect16: bets $0.18
Aguinaldo1711: folds 
Uncalled bet ($0.18) returned to perffect16
perffect16 collected $0.18 from pot
perffect16: doesn't show hand 
*** SUMMARY ***
Total pot $0.19 | Rake $0.01 
Board [Kc 2h Jh Tc]
Seat 1: little red12 (small blind) folded before Flop
Seat 2: gambitl1 (big blind) folded before Flop
Seat 3: 11 Espritus folded before Flop (didn't bet)
Seat 4: perffect16 collected ($0.18)
Seat 6: Dorex2007 folded before Flop (didn't bet)
Seat 7: djkimera folded before Flop (didn't bet)
Seat 8: JPredor23 folded before Flop (didn't bet)
Seat 9: Aguinaldo1711 (button) folded on the Turn



PokerStars Hand #236908845221:  Hold'em No Limit ($0.01/$0.02 USD) - 2022/06/21 18:58:00 PT [2022/06/21 21:58:00 ET]
Table 'Bianca' 9-max Seat #1 is the button
Seat 1: little red12 ($1.14 in chips) 
Seat 2: gambitl1 ($2.06 in chips) 
Seat 3: 11 Espritus ($3.08 in chips) 
Seat 4: perffect16 ($2.10 in chips) 
Seat 6: Dorex2007 ($2.44 in chips) 
Seat 7: djkimera ($2.47 in chips) 
Seat 8: JPredor23 ($1.61 in chips) 
Seat 9: Aguinaldo1711 ($1.76 in chips) 
gambitl1: posts small blind $0.01
11 Espritus: posts big blind $0.02
*** HOLE CARDS ***
Dealt to Dorex2007 [6s Jh]
perffect16: folds 
Dorex2007: folds 
djkimera: raises $0.03 to $0.05
JPredor23: folds 
Aguinaldo1711: calls $0.05
little red12: calls $0.05
gambitl1: folds 
11 Espritus: calls $0.03
*** FLOP *** [7d Kd Jd]
11 Espritus: checks 
djkimera: checks 
Aguinaldo1711: bets $0.02
little red12: raises $0.12 to $0.14
11 Espritus: folds 
djkimera: folds 
Aguinaldo1711: calls $0.12
*** TURN *** [7d Kd Jd] [Kc]
Aguinaldo1711: bets $0.47
little red12: raises $0.48 to $0.95 and is all-in
Aguinaldo1711: calls $0.48
*** RIVER *** [7d Kd Jd Kc] [8d]
*** SHOW DOWN ***
Aguinaldo1711: shows [7h 9d] (a flush, King high)
little red12: shows [Qd Ks] (a flush, King high - Queen higher)
little red12 collected $2.31 from pot
*** SUMMARY ***
Total pot $2.39 | Rake $0.08 
Board [7d Kd Jd Kc 8d]
Seat 1: little red12 (button) showed [Qd Ks] and won ($2.31) with a flush, King high
Seat 2: gambitl1 (small blind) folded before Flop
Seat 3: 11 Espritus (big blind) folded on the Flop
Seat 4: perffect16 folded before Flop (didn't bet)
Seat 6: Dorex2007 folded before Flop (didn't bet)
Seat 7: djkimera folded on the Flop
Seat 8: JPredor23 folded before Flop (didn't bet)
Seat 9: Aguinaldo1711 showed [7h 9d] and lost with a flush, King high



PokerStars Hand #236908862537:  Hold'em No Limit ($0.01/$0.02 USD) - 2022/06/21 18:59:19 PT [2022/06/21 21:59:19 ET]
Table 'Bianca' 9-max Seat #2 is the button
Seat 1: little red12 ($2.31 in chips) 
Seat 2: gambitl1 ($2.05 in chips) 
Seat 3: 11 Espritus ($3.03 in chips) 
Seat 4: perffect16 ($2.10 in chips) 
Seat 6: Dorex2007 ($2.44 in chips) 
Seat 7: djkimera ($2.42 in chips) 
Seat 8: JPredor23 ($1.61 in chips) 
Seat 9: Aguinaldo1711 ($0.62 in chips) 
11 Espritus: posts small blind $0.01
perffect16: posts big blind $0.02
*** HOLE CARDS ***
Dealt to Dorex2007 [Ks Qs]
Dorex2007: raises $0.04 to $0.06
djkimera: folds 
JPredor23: folds 
Aguinaldo1711: calls $0.06
little red12: folds 
gambitl1: folds 
11 Espritus: folds 
perffect16 has timed out
perffect16: folds 
*** FLOP *** [Jd 4c 3c]
Dorex2007: checks 
Aguinaldo1711: checks 
*** TURN *** [Jd 4c 3c] [3h]
Dorex2007: checks 
Aguinaldo1711: checks 
*** RIVER *** [Jd 4c 3c 3h] [Qh]
Dorex2007: bets $0.07
Aguinaldo1711: folds 
Uncalled bet ($0.07) returned to Dorex2007
Dorex2007 collected $0.14 from pot
Dorex2007: doesn't show hand 
*** SUMMARY ***
Total pot $0.15 | Rake $0.01 
Board [Jd 4c 3c 3h Qh]
Seat 1: little red12 folded before Flop (didn't bet)
Seat 2: gambitl1 (button) folded before Flop (didn't bet)
Seat 3: 11 Espritus (small blind) folded before Flop
Seat 4: perffect16 (big blind) folded before Flop
Seat 6: Dorex2007 collected ($0.14)
Seat 7: djkimera folded before Flop (didn't bet)
Seat 8: JPredor23 folded before Flop (didn't bet)
Seat 9: Aguinaldo1711 folded on the River



PokerStars Hand #236908877559:  Hold'em No Limit ($0.01/$0.02 USD) - 2022/06/21 19:00:50 PT [2022/06/21 22:00:50 ET]
Table 'Bianca' 9-max Seat #3 is the button
Seat 1: little red12 ($2.31 in chips) 
Seat 2: gambitl1 ($2.05 in chips) 
Seat 3: 11 Espritus ($3.02 in chips) 
Seat 5: cberto09 ($3.79 in chips) 
Seat 6: Dorex2007 ($2.52 in chips) 
Seat 7: djkimera ($2.42 in chips) 
Seat 8: JPredor23 ($1.61 in chips) 
Seat 9: Aguinaldo1711 ($0.56 in chips) 
cberto09: posts small blind $0.01
Dorex2007: posts big blind $0.02
*** HOLE CARDS ***
Dealt to Dorex2007 [Th 5d]
djkimera: raises $0.03 to $0.05
JPredor23: folds 
Aguinaldo1711: folds 
little red12: folds 
gambitl1: folds 
11 Espritus: folds 
cberto09: folds 
Dorex2007: folds 
Uncalled bet ($0.03) returned to djkimera
djkimera collected $0.05 from pot
djkimera: doesn't show hand 
*** SUMMARY ***
Total pot $0.05 | Rake $0 
Seat 1: little red12 folded before Flop (didn't bet)
Seat 2: gambitl1 folded before Flop (didn't bet)
Seat 3: 11 Espritus (button) folded before Flop (didn't bet)
Seat 5: cberto09 (small blind) folded before Flop
Seat 6: Dorex2007 (big blind) folded before Flop
Seat 7: djkimera collected ($0.05)
Seat 8: JPredor23 folded before Flop (didn't bet)
Seat 9: Aguinaldo1711 folded before Flop (didn't bet)



PokerStars Hand #236908882576:  Hold'em No Limit ($0.01/$0.02 USD) - 2022/06/21 19:01:16 PT [2022/06/21 22:01:16 ET]
Table 'Bianca' 9-max Seat #5 is the button
Seat 1: little red12 ($2.31 in chips) 
Seat 2: gambitl1 ($2.05 in chips) 
Seat 3: 11 Espritus ($3.02 in chips) 
Seat 5: cberto09 ($3.78 in chips) 
Seat 6: Dorex2007 ($2.50 in chips) 
Seat 7: djkimera ($2.45 in chips) 
Seat 8: JPredor23 ($1.61 in chips) 
Seat 9: Aguinaldo1711 ($0.56 in chips) 
Dorex2007: posts small blind $0.01
djkimera: posts big blind $0.02
*** HOLE CARDS ***
Dealt to Dorex2007 [7d Qc]
JPredor23: folds 
Aguinaldo1711: calls $0.02
little red12: calls $0.02
gambitl1: raises $0.06 to $0.08
11 Espritus: folds 
cberto09 has timed out
cberto09: folds 
Dorex2007: folds 
djkimera: calls $0.06
Aguinaldo1711: calls $0.06
little red12: folds 
*** FLOP *** [2d 8h Ah]
djkimera: checks 
Aguinaldo1711: checks 
gambitl1: checks 
*** TURN *** [2d 8h Ah] [7c]
djkimera: bets $0.05
Aguinaldo1711: folds 
gambitl1: raises $0.05 to $0.10
djkimera: calls $0.05
*** RIVER *** [2d 8h Ah 7c] [5s]
djkimera: checks 
gambitl1: bets $0.14
djkimera: folds 
Uncalled bet ($0.14) returned to gambitl1
gambitl1 collected $0.45 from pot
*** SUMMARY ***
Total pot $0.47 | Rake $0.02 
Board [2d 8h Ah 7c 5s]
Seat 1: little red12 folded before Flop
Seat 2: gambitl1 collected ($0.45)
Seat 3: 11 Espritus folded before Flop (didn't bet)
Seat 5: cberto09 (button) folded before Flop (didn't bet)
Seat 6: Dorex2007 (small blind) folded before Flop
Seat 7: djkimera (big blind) folded on the River
Seat 8: JPredor23 folded before Flop (didn't bet)
Seat 9: Aguinaldo1711 folded on the Turn



PokerStars Hand #236908898484:  Hold'em No Limit ($0.01/$0.02 USD) - 2022/06/21 19:02:38 PT [2022/06/21 22:02:38 ET]
Table 'Bianca' 9-max Seat #6 is the button
Seat 1: little red12 ($2.29 in chips) 
Seat 2: gambitl1 ($2.32 in chips) 
Seat 3: 11 Espritus ($3.02 in chips) 
Seat 6: Dorex2007 ($2.49 in chips) 
Seat 7: djkimera ($2.27 in chips) 
Seat 8: JPredor23 ($1.61 in chips) 
Seat 9: Aguinaldo1711 ($0.48 in chips) 
djkimera: posts small blind $0.01
JPredor23: posts big blind $0.02
*** HOLE CARDS ***
Dealt to Dorex2007 [Qh Jd]
Aguinaldo1711: calls $0.02
little red12: calls $0.02
gambitl1: folds 
11 Espritus: folds 
Dorex2007: calls $0.02
djkimera: folds 
JPredor23: checks 
*** FLOP *** [9d 2s Kc]
JPredor23: checks 
Aguinaldo1711: bets $0.02
little red12: folds 
Dorex2007: folds 
JPredor23: calls $0.02
*** TURN *** [9d 2s Kc] [5c]
JPredor23: checks 
Aguinaldo1711: bets $0.07
JPredor23: folds 
Uncalled bet ($0.07) returned to Aguinaldo1711
Aguinaldo1711 collected $0.13 from pot
*** SUMMARY ***
Total pot $0.13 | Rake $0 
Board [9d 2s Kc 5c]
Seat 1: little red12 folded on the Flop
Seat 2: gambitl1 folded before Flop (didn't bet)
Seat 3: 11 Espritus folded before Flop (didn't bet)
Seat 6: Dorex2007 (button) folded on the Flop
Seat 7: djkimera (small blind) folded before Flop
Seat 8: JPredor23 (big blind) folded on the Turn
Seat 9: Aguinaldo1711 collected ($0.13)



PokerStars Hand #236908909751:  Hold'em No Limit ($0.01/$0.02 USD) - 2022/06/21 19:03:35 PT [2022/06/21 22:03:35 ET]
Table 'Bianca' 9-max Seat #7 is the button
Seat 1: little red12 ($2.27 in chips) 
Seat 2: gambitl1 ($2.32 in chips) 
Seat 3: 11 Espritus ($3.02 in chips) 
Seat 6: Dorex2007 ($2.47 in chips) 
Seat 7: djkimera ($2.26 in chips) 
Seat 8: JPredor23 ($1.57 in chips) 
Seat 9: Aguinaldo1711 ($0.57 in chips) 
JPredor23: posts small blind $0.01
Aguinaldo1711: posts big blind $0.02
*** HOLE CARDS ***
Dealt to Dorex2007 [9c Ks]
little red12: calls $0.02
gambitl1: folds 
11 Espritus: folds 
Dorex2007: folds 
djkimera: folds 
JPredor23: calls $0.01
Aguinaldo1711: checks 
*** FLOP *** [2h Js 7h]
JPredor23: checks 
Aguinaldo1711: checks 
little red12: checks 
*** TURN *** [2h Js 7h] [Td]
JPredor23: checks 
Aguinaldo1711: checks 
little red12: checks 
*** RIVER *** [2h Js 7h Td] [5s]
JPredor23: checks 
Aguinaldo1711: bets $0.02
little red12: folds 
JPredor23: calls $0.02
*** SHOW DOWN ***
Aguinaldo1711: shows [6s 9d] (high card Jack)
JPredor23: shows [7s 6h] (a pair of Sevens)
JPredor23 collected $0.10 from pot
*** SUMMARY ***
Total pot $0.10 | Rake $0 
Board [2h Js 7h Td 5s]
Seat 1: little red12 folded on the River
Seat 2: gambitl1 folded before Flop (didn't bet)
Seat 3: 11 Espritus folded before Flop (didn't bet)
Seat 6: Dorex2007 folded before Flop (didn't bet)
Seat 7: djkimera (button) folded before Flop (didn't bet)
Seat 8: JPredor23 (small blind) showed [7s 6h] and won ($0.10) with a pair of Sevens
Seat 9: Aguinaldo1711 (big blind) showed [6s 9d] and lost with high card Jack



PokerStars Hand #236908923680:  Hold'em No Limit ($0.01/$0.02 USD) - 2022/06/21 19:04:45 PT [2022/06/21 22:04:45 ET]
Table 'Bianca' 9-max Seat #8 is the button
Seat 1: little red12 ($2.25 in chips) 
Seat 2: gambitl1 ($2.32 in chips) 
Seat 3: 11 Espritus ($3.02 in chips) 
Seat 6: Dorex2007 ($2.47 in chips) 
Seat 7: djkimera ($2.26 in chips) 
Seat 8: JPredor23 ($1.63 in chips) 
Seat 9: Aguinaldo1711 ($0.53 in chips) 
Aguinaldo1711: posts small blind $0.01
little red12: posts big blind $0.02
*** HOLE CARDS ***
Dealt to Dorex2007 [7s As]
gambitl1: folds 
11 Espritus: folds 
Dorex2007: calls $0.02
djkimera: folds 
JPredor23: folds 
Aguinaldo1711: calls $0.01
little red12: checks 
*** FLOP *** [4h Jc Qd]
Aguinaldo1711: bets $0.02
little red12: folds 
Dorex2007: folds 
Uncalled bet ($0.02) returned to Aguinaldo1711
Aguinaldo1711 collected $0.06 from pot
*** SUMMARY ***
Total pot $0.06 | Rake $0 
Board [4h Jc Qd]
Seat 1: little red12 (big blind) folded on the Flop
Seat 2: gambitl1 folded before Flop (didn't bet)
Seat 3: 11 Espritus folded before Flop (didn't bet)
Seat 6: Dorex2007 folded on the Flop
Seat 7: djkimera folded before Flop (didn't bet)
Seat 8: JPredor23 (button) folded before Flop (didn't bet)
Seat 9: Aguinaldo1711 (small blind) collected ($0.06)



PokerStars Hand #236908928587:  Hold'em No Limit ($0.01/$0.02 USD) - 2022/06/21 19:05:10 PT [2022/06/21 22:05:10 ET]
Table 'Bianca' 9-max Seat #9 is the button
Seat 1: little red12 ($2.23 in chips) 
Seat 2: gambitl1 ($2.32 in chips) 
Seat 3: 11 Espritus ($3.02 in chips) 
Seat 6: Dorex2007 ($2.45 in chips) 
Seat 7: djkimera ($2.26 in chips) 
Seat 8: JPredor23 ($1.63 in chips) 
Seat 9: Aguinaldo1711 ($0.57 in chips) 
little red12: posts small blind $0.01
gambitl1: posts big blind $0.02
*** HOLE CARDS ***
Dealt to Dorex2007 [8c 2h]
11 Espritus: calls $0.02
Dorex2007: folds 
djkimera: folds 
JPredor23: folds 
Aguinaldo1711: calls $0.02
little red12: calls $0.01
gambitl1: checks 
*** FLOP *** [Jh 8s As]
little red12: checks 
gambitl1: checks 
11 Espritus: bets $0.04
Aguinaldo1711: folds 
little red12: folds 
gambitl1: folds 
Uncalled bet ($0.04) returned to 11 Espritus
11 Espritus collected $0.08 from pot
11 Espritus: doesn't show hand 
*** SUMMARY ***
Total pot $0.08 | Rake $0 
Board [Jh 8s As]
Seat 1: little red12 (small blind) folded on the Flop
Seat 2: gambitl1 (big blind) folded on the Flop
Seat 3: 11 Espritus collected ($0.08)
Seat 6: Dorex2007 folded before Flop (didn't bet)
Seat 7: djkimera folded before Flop (didn't bet)
Seat 8: JPredor23 folded before Flop (didn't bet)
Seat 9: Aguinaldo1711 (button) folded on the Flop



PokerStars Hand #236908936488:  Hold'em No Limit ($0.01/$0.02 USD) - 2022/06/21 19:05:50 PT [2022/06/21 22:05:50 ET]
Table 'Bianca' 9-max Seat #1 is the button
Seat 1: little red12 ($2.21 in chips) 
Seat 2: gambitl1 ($2.30 in chips) 
Seat 3: 11 Espritus ($3.08 in chips) 
Seat 6: Dorex2007 ($2.45 in chips) 
Seat 7: djkimera ($2.26 in chips) 
Seat 8: JPredor23 ($1.63 in chips) 
Seat 9: Aguinaldo1711 ($0.55 in chips) 
gambitl1: posts small blind $0.01
11 Espritus: posts big blind $0.02
*** HOLE CARDS ***
Dealt to Dorex2007 [8c Td]
Dorex2007: folds 
djkimera: raises $0.03 to $0.05
JPredor23: folds 
Aguinaldo1711: calls $0.05
little red12: folds 
gambitl1: folds 
11 Espritus: folds 
*** FLOP *** [4s 6s 4h]
djkimera: checks 
Aguinaldo1711: checks 
*** TURN *** [4s 6s 4h] [7h]
djkimera: checks 
Aguinaldo1711: bets $0.07
djkimera: folds 
Uncalled bet ($0.07) returned to Aguinaldo1711
Aguinaldo1711 collected $0.13 from pot
*** SUMMARY ***
Total pot $0.13 | Rake $0 
Board [4s 6s 4h 7h]
Seat 1: little red12 (button) folded before Flop (didn't bet)
Seat 2: gambitl1 (small blind) folded before Flop
Seat 3: 11 Espritus (big blind) folded before Flop
Seat 6: Dorex2007 folded before Flop (didn't bet)
Seat 7: djkimera folded on the Turn
Seat 8: JPredor23 folded before Flop (didn't bet)
Seat 9: Aguinaldo1711 collected ($0.13)



PokerStars Hand #236908946039:  Hold'em No Limit ($0.01/$0.02 USD) - 2022/06/21 19:06:39 PT [2022/06/21 22:06:39 ET]
Table 'Bianca' 9-max Seat #2 is the button
Seat 1: little red12 ($2.21 in chips) 
Seat 2: gambitl1 ($2.29 in chips) 
Seat 3: 11 Espritus ($3.06 in chips) 
Seat 4: perffect16 ($2.08 in chips) 
Seat 6: Dorex2007 ($2.45 in chips) 
Seat 7: djkimera ($2.21 in chips) 
Seat 8: JPredor23 ($1.63 in chips) 
Seat 9: Aguinaldo1711 ($0.63 in chips) 
11 Espritus: posts small blind $0.01
perffect16: posts big blind $0.02
*** HOLE CARDS ***
Dealt to Dorex2007 [9d 6d]
Dorex2007: folds 
djkimera: raises $0.07 to $0.09
JPredor23: folds 
Aguinaldo1711: calls $0.09
little red12: folds 
gambitl1: folds 
11 Espritus: folds 
perffect16: folds 
*** FLOP *** [8h 3c Ad]
djkimera: checks 
Aguinaldo1711: checks 
*** TURN *** [8h 3c Ad] [6c]
djkimera: checks 
Aguinaldo1711: checks 
*** RIVER *** [8h 3c Ad 6c] [6h]
djkimera: bets $0.11
Aguinaldo1711: folds 
Uncalled bet ($0.11) returned to djkimera
djkimera collected $0.20 from pot
djkimera: doesn't show hand 
*** SUMMARY ***
Total pot $0.21 | Rake $0.01 
Board [8h 3c Ad 6c 6h]
Seat 1: little red12 folded before Flop (didn't bet)
Seat 2: gambitl1 (button) folded before Flop (didn't bet)
Seat 3: 11 Espritus (small blind) folded before Flop
Seat 4: perffect16 (big blind) folded before Flop
Seat 6: Dorex2007 folded before Flop (didn't bet)
Seat 7: djkimera collected ($0.20)
Seat 8: JPredor23 folded before Flop (didn't bet)
Seat 9: Aguinaldo1711 folded on the River



PokerStars Hand #236908953989:  Hold'em No Limit ($0.01/$0.02 USD) - 2022/06/21 19:07:19 PT [2022/06/21 22:07:19 ET]
Table 'Bianca' 9-max Seat #3 is the button
Seat 1: little red12 ($2.21 in chips) 
Seat 2: gambitl1 ($2.29 in chips) 
Seat 3: 11 Espritus ($3.05 in chips) 
Seat 4: perffect16 ($2.06 in chips) 
Seat 6: Dorex2007 ($2.45 in chips) 
Seat 7: djkimera ($2.32 in chips) 
Seat 8: JPredor23 ($1.63 in chips) 
Seat 9: Aguinaldo1711 ($0.54 in chips) 
perffect16: posts small blind $0.01
Dorex2007: posts big blind $0.02
*** HOLE CARDS ***
Dealt to Dorex2007 [Jd Qh]
djkimera: raises $0.03 to $0.05
JPredor23: folds 
Aguinaldo1711: folds 
little red12: calls $0.05
gambitl1: folds 
11 Espritus: calls $0.05
perffect16: folds 
Dorex2007: calls $0.03
*** FLOP *** [3h 7d 7c]
Dorex2007: checks 
djkimera: checks 
little red12: checks 
11 Espritus: checks 
*** TURN *** [3h 7d 7c] [5c]
Dorex2007: checks 
djkimera: checks 
little red12: checks 
11 Espritus: checks 
*** RIVER *** [3h 7d 7c 5c] [Jc]
Dorex2007: bets $0.20
djkimera: folds 
little red12: folds 
11 Espritus: folds 
Uncalled bet ($0.20) returned to Dorex2007
Dorex2007 collected $0.20 from pot
Dorex2007: doesn't show hand 
*** SUMMARY ***
Total pot $0.21 | Rake $0.01 
Board [3h 7d 7c 5c Jc]
Seat 1: little red12 folded on the River
Seat 2: gambitl1 folded before Flop (didn't bet)
Seat 3: 11 Espritus (button) folded on the River
Seat 4: perffect16 (small blind) folded before Flop
Seat 6: Dorex2007 (big blind) collected ($0.20)
Seat 7: djkimera folded on the River
Seat 8: JPredor23 folded before Flop (didn't bet)
Seat 9: Aguinaldo1711 folded before Flop (didn't bet)



PokerStars Hand #236908968939:  Hold'em No Limit ($0.01/$0.02 USD) - 2022/06/21 19:08:35 PT [2022/06/21 22:08:35 ET]
Table 'Bianca' 9-max Seat #4 is the button
Seat 1: little red12 ($2.16 in chips) 
Seat 2: gambitl1 ($2.29 in chips) 
Seat 3: 11 Espritus ($3 in chips) 
Seat 4: perffect16 ($2.05 in chips) 
Seat 6: Dorex2007 ($2.60 in chips) 
Seat 7: djkimera ($2.27 in chips) 
Seat 8: JPredor23 ($1.63 in chips) 
Seat 9: Aguinaldo1711 ($0.54 in chips) 
Dorex2007: posts small blind $0.01
djkimera: posts big blind $0.02
*** HOLE CARDS ***
Dealt to Dorex2007 [Jc Kc]
JPredor23: folds 
Aguinaldo1711: calls $0.02
little red12: folds 
gambitl1: folds 
11 Espritus: calls $0.02
perffect16: folds 
Dorex2007: calls $0.01
djkimera: checks 
*** FLOP *** [2s Ad Js]
Dorex2007: checks 
djkimera: bets $0.05
Aguinaldo1711: calls $0.05
11 Espritus: raises $0.11 to $0.16
Dorex2007: folds 
djkimera: calls $0.11
Aguinaldo1711: folds 
*** TURN *** [2s Ad Js] [Tc]
djkimera: bets $0.05
11 Espritus: raises $0.13 to $0.18
djkimera: calls $0.13
*** RIVER *** [2s Ad Js Tc] [4s]
djkimera: bets $0.54
11 Espritus: calls $0.54
*** SHOW DOWN ***
djkimera: shows [9s As] (a flush, Ace high)
11 Espritus: mucks hand 
djkimera collected $1.82 from pot
*** SUMMARY ***
Total pot $1.89 | Rake $0.07 
Board [2s Ad Js Tc 4s]
Seat 1: little red12 folded before Flop (didn't bet)
Seat 2: gambitl1 folded before Flop (didn't bet)
Seat 3: 11 Espritus mucked [Jd Ah]
Seat 4: perffect16 (button) folded before Flop (didn't bet)
Seat 6: Dorex2007 (small blind) folded on the Flop
Seat 7: djkimera (big blind) showed [9s As] and won ($1.82) with a flush, Ace high
Seat 8: JPredor23 folded before Flop (didn't bet)
Seat 9: Aguinaldo1711 folded on the Flop



PokerStars Hand #236908991809:  Hold'em No Limit ($0.01/$0.02 USD) - 2022/06/21 19:09:52 PT [2022/06/21 22:09:52 ET]
Table 'Bianca' 9-max Seat #6 is the button
Seat 1: little red12 ($2.16 in chips) 
Seat 2: gambitl1 ($2.29 in chips) 
Seat 3: 11 Espritus ($2.10 in chips) 
Seat 4: perffect16 ($2.05 in chips) 
Seat 6: Dorex2007 ($2.58 in chips) 
Seat 7: djkimera ($3.19 in chips) 
Seat 8: JPredor23 ($1.63 in chips) 
Seat 9: Aguinaldo1711 ($0.47 in chips) 
djkimera: posts small blind $0.01
JPredor23: posts big blind $0.02
*** HOLE CARDS ***
Dealt to Dorex2007 [7s 6c]
Aguinaldo1711: calls $0.02
little red12: calls $0.02
gambitl1: folds 
11 Espritus: folds 
perffect16: raises $0.09 to $0.11
Dorex2007: folds 
11 Espritus leaves the table
djkimera: folds 
JPredor23: folds 
Aguinaldo1711: calls $0.09
aandre.luna joins the table at seat #3 
little red12: calls $0.09
*** FLOP *** [Jc 5d Ah]
Aguinaldo1711: checks 
little red12: checks 
perffect16: bets $0.18
Aguinaldo1711: folds 
little red12: folds 
Uncalled bet ($0.18) returned to perffect16
perffect16 collected $0.35 from pot
perffect16: doesn't show hand 
*** SUMMARY ***
Total pot $0.36 | Rake $0.01 
Board [Jc 5d Ah]
Seat 1: little red12 folded on the Flop
Seat 2: gambitl1 folded before Flop (didn't bet)
Seat 3: 11 Espritus folded before Flop (didn't bet)
Seat 4: perffect16 collected ($0.35)
Seat 6: Dorex2007 (button) folded before Flop (didn't bet)
Seat 7: djkimera (small blind) folded before Flop
Seat 8: JPredor23 (big blind) folded before Flop
Seat 9: Aguinaldo1711 folded on the Flop



PokerStars Hand #236909001831:  Hold'em No Limit ($0.01/$0.02 USD) - 2022/06/21 19:10:44 PT [2022/06/21 22:10:44 ET]
Table 'Bianca' 9-max Seat #7 is the button
Seat 1: little red12 ($2.05 in chips) 
Seat 2: gambitl1 ($2.29 in chips) 
Seat 4: perffect16 ($2.29 in chips) 
Seat 6: Dorex2007 ($2.58 in chips) 
Seat 7: djkimera ($3.18 in chips) 
Seat 8: JPredor23 ($1.61 in chips) 
Seat 9: Aguinaldo1711 ($0.36 in chips) 
JPredor23: posts small blind $0.01
Aguinaldo1711: posts big blind $0.02
aandre.luna: sits out 
*** HOLE CARDS ***
Dealt to Dorex2007 [7d 9h]
little red12: folds 
gambitl1: folds 
perffect16: folds 
Dorex2007: folds 
djkimera: folds 
JPredor23: folds 
Uncalled bet ($0.01) returned to Aguinaldo1711
Aguinaldo1711 collected $0.02 from pot
*** SUMMARY ***
Total pot $0.02 | Rake $0 
Seat 1: little red12 folded before Flop (didn't bet)
Seat 2: gambitl1 folded before Flop (didn't bet)
Seat 4: perffect16 folded before Flop (didn't bet)
Seat 6: Dorex2007 folded before Flop (didn't bet)
Seat 7: djkimera (button) folded before Flop (didn't bet)
Seat 8: JPredor23 (small blind) folded before Flop
Seat 9: Aguinaldo1711 (big blind) collected ($0.02)



PokerStars Hand #236909006044:  Hold'em No Limit ($0.01/$0.02 USD) - 2022/06/21 19:11:06 PT [2022/06/21 22:11:06 ET]
Table 'Bianca' 9-max Seat #8 is the button
Seat 1: little red12 ($2.05 in chips) 
Seat 2: gambitl1 ($2.29 in chips) 
Seat 4: perffect16 ($2.29 in chips) 
Seat 6: Dorex2007 ($2.58 in chips) 
Seat 7: djkimera ($3.18 in chips) 
Seat 8: JPredor23 ($1.60 in chips) 
Seat 9: Aguinaldo1711 ($0.37 in chips) 
Aguinaldo1711: posts small blind $0.01
little red12: posts big blind $0.02
aandre.luna: sits out 
*** HOLE CARDS ***
Dealt to Dorex2007 [Qs 2c]
gambitl1 has timed out
gambitl1: folds 
perffect16: folds 
Dorex2007: folds 
djkimera: folds 
JPredor23: raises $0.04 to $0.06
Aguinaldo1711: calls $0.05
little red12: calls $0.04
*** FLOP *** [6h 4c 3s]
Aguinaldo1711: checks 
little red12: checks 
JPredor23: checks 
*** TURN *** [6h 4c 3s] [8h]
Aguinaldo1711: checks 
little red12: checks 
JPredor23: bets $0.09
Aguinaldo1711: calls $0.09
little red12: folds 
*** RIVER *** [6h 4c 3s 8h] [Kh]
Aguinaldo1711: checks 
JPredor23: checks 
*** SHOW DOWN ***
Aguinaldo1711: shows [7s 2h] (high card King)
JPredor23: shows [8c 9c] (a pair of Eights)
JPredor23 collected $0.35 from pot
*** SUMMARY ***
Total pot $0.36 | Rake $0.01 
Board [6h 4c 3s 8h Kh]
Seat 1: little red12 (big blind) folded on the Turn
Seat 2: gambitl1 folded before Flop (didn't bet)
Seat 4: perffect16 folded before Flop (didn't bet)
Seat 6: Dorex2007 folded before Flop (didn't bet)
Seat 7: djkimera folded before Flop (didn't bet)
Seat 8: JPredor23 (button) showed [8c 9c] and won ($0.35) with a pair of Eights
Seat 9: Aguinaldo1711 (small blind) showed [7s 2h] and lost with high card King



PokerStars Hand #236909017904:  Hold'em No Limit ($0.01/$0.02 USD) - 2022/06/21 19:12:08 PT [2022/06/21 22:12:08 ET]
Table 'Bianca' 9-max Seat #9 is the button
Seat 1: little red12 ($1.99 in chips) 
Seat 2: gambitl1 ($2.29 in chips) 
Seat 4: perffect16 ($2.29 in chips) 
Seat 6: Dorex2007 ($2.58 in chips) 
Seat 7: djkimera ($3.18 in chips) 
Seat 8: JPredor23 ($1.80 in chips) 
Seat 9: Aguinaldo1711 ($0.22 in chips) 
little red12: posts small blind $0.01
gambitl1: posts big blind $0.02
aandre.luna: sits out 
*** HOLE CARDS ***
Dealt to Dorex2007 [Th Jh]
perffect16: folds 
Dorex2007: raises $0.02 to $0.04
djkimera: folds 
JPredor23: folds 
Aguinaldo1711: folds 
little red12: calls $0.03
gambitl1: folds 
*** FLOP *** [6d 2h Qs]
little red12: checks 
Dorex2007: checks 
*** TURN *** [6d 2h Qs] [Js]
little red12: checks 
Dorex2007: bets $0.05
little red12: folds 
Uncalled bet ($0.05) returned to Dorex2007
Dorex2007 collected $0.10 from pot
Dorex2007: doesn't show hand 
*** SUMMARY ***
Total pot $0.10 | Rake $0 
Board [6d 2h Qs Js]
Seat 1: little red12 (small blind) folded on the Turn
Seat 2: gambitl1 (big blind) folded before Flop
Seat 4: perffect16 folded before Flop (didn't bet)
Seat 6: Dorex2007 collected ($0.10)
Seat 7: djkimera folded before Flop (didn't bet)
Seat 8: JPredor23 folded before Flop (didn't bet)
Seat 9: Aguinaldo1711 (button) folded before Flop (didn't bet)



PokerStars Hand #236909028174:  Hold'em No Limit ($0.01/$0.02 USD) - 2022/06/21 19:13:01 PT [2022/06/21 22:13:01 ET]
Table 'Bianca' 9-max Seat #1 is the button
Seat 1: little red12 ($1.95 in chips) 
Seat 2: gambitl1 ($2.27 in chips) 
Seat 3: aandre.luna ($1.60 in chips) 
Seat 4: perffect16 ($2.29 in chips) 
Seat 6: Dorex2007 ($2.64 in chips) 
Seat 7: djkimera ($3.18 in chips) 
Seat 8: JPredor23 ($1.80 in chips) 
Seat 9: Aguinaldo1711 ($0.22 in chips) 
gambitl1: posts small blind $0.01
aandre.luna: posts big blind $0.02
*** HOLE CARDS ***
Dealt to Dorex2007 [3c 9d]
perffect16: folds 
Dorex2007: folds 
djkimera: folds 
JPredor23: folds 
Aguinaldo1711: calls $0.02
little red12: calls $0.02
gambitl1: folds 
aandre.luna: checks 
*** FLOP *** [Qc 4c 3h]
aandre.luna: checks 
Aguinaldo1711: bets $0.02
little red12: folds 
aandre.luna: folds 
Uncalled bet ($0.02) returned to Aguinaldo1711
Aguinaldo1711 collected $0.07 from pot
*** SUMMARY ***
Total pot $0.07 | Rake $0 
Board [Qc 4c 3h]
Seat 1: little red12 (button) folded on the Flop
Seat 2: gambitl1 (small blind) folded before Flop
Seat 3: aandre.luna (big blind) folded on the Flop
Seat 4: perffect16 folded before Flop (didn't bet)
Seat 6: Dorex2007 folded before Flop (didn't bet)
Seat 7: djkimera folded before Flop (didn't bet)
Seat 8: JPredor23 folded before Flop (didn't bet)
Seat 9: Aguinaldo1711 collected ($0.07)



PokerStars Hand #236909036023:  Hold'em No Limit ($0.01/$0.02 USD) - 2022/06/21 19:13:41 PT [2022/06/21 22:13:41 ET]
Table 'Bianca' 9-max Seat #2 is the button
Seat 1: little red12 ($1.93 in chips) 
Seat 2: gambitl1 ($2.26 in chips) 
Seat 3: aandre.luna ($1.58 in chips) 
Seat 4: perffect16 ($2.29 in chips) 
Seat 6: Dorex2007 ($2.64 in chips) 
Seat 7: djkimera ($3.18 in chips) 
Seat 8: JPredor23 ($1.80 in chips) 
Seat 9: Aguinaldo1711 ($0.27 in chips) 
aandre.luna: posts small blind $0.01
perffect16: posts big blind $0.02
*** HOLE CARDS ***
Dealt to Dorex2007 [7c 6h]
Dorex2007: folds 
djkimera: folds 
JPredor23: folds 
Aguinaldo1711: calls $0.02
little red12: folds 
cberto09 leaves the table
gambitl1: calls $0.02
aandre.luna: calls $0.01
perffect16: checks 
*** FLOP *** [Ad Ks Jd]
aandre.luna: checks 
perffect16: bets $0.02
Aguinaldo1711: calls $0.02
princefrogz joins the table at seat #5 
gambitl1: calls $0.02
aandre.luna: folds 
*** TURN *** [Ad Ks Jd] [4c]
perffect16: bets $0.02
Aguinaldo1711: calls $0.02
gambitl1: calls $0.02
*** RIVER *** [Ad Ks Jd 4c] [3c]
perffect16: bets $0.19
Aguinaldo1711: calls $0.19
gambitl1: folds 
*** SHOW DOWN ***
perffect16: shows [As 3d] (two pair, Aces and Threes)
djkimera leaves the table
Aguinaldo1711: mucks hand 
perffect16 collected $0.56 from pot
*** SUMMARY ***
Total pot $0.58 | Rake $0.02 
Board [Ad Ks Jd 4c 3c]
Seat 1: little red12 folded before Flop (didn't bet)
Seat 2: gambitl1 (button) folded on the River
Seat 3: aandre.luna (small blind) folded on the Flop
Seat 4: perffect16 (big blind) showed [As 3d] and won ($0.56) with two pair, Aces and Threes
Seat 6: Dorex2007 folded before Flop (didn't bet)
Seat 7: djkimera folded before Flop (didn't bet)
Seat 8: JPredor23 folded before Flop (didn't bet)
Seat 9: Aguinaldo1711 mucked [Qs Ac]



PokerStars Hand #236909056076:  Hold'em No Limit ($0.01/$0.02 USD) - 2022/06/21 19:15:25 PT [2022/06/21 22:15:25 ET]
Table 'Bianca' 9-max Seat #3 is the button
Seat 1: little red12 ($1.93 in chips) 
Seat 2: gambitl1 ($2.20 in chips) 
Seat 3: aandre.luna ($1.56 in chips) 
Seat 4: perffect16 ($2.60 in chips) 
Seat 5: princefrogz ($1.60 in chips) 
Seat 6: Dorex2007 ($2.64 in chips) 
Seat 8: JPredor23 ($1.80 in chips) 
Seat 9: Aguinaldo1711 ($0.02 in chips) 
perffect16: posts small blind $0.01
princefrogz: posts big blind $0.02
*** HOLE CARDS ***
Dealt to Dorex2007 [5s 7s]
Dorex2007: folds 
JPredor23: folds 
Aguinaldo1711: folds 
little red12: folds 
gambitl1: folds 
aandre.luna: calls $0.02
perffect16: calls $0.01
princefrogz: checks 
*** FLOP *** [Jc 5c 2d]
perffect16: checks 
princefrogz: checks 
aandre.luna: checks 
*** TURN *** [Jc 5c 2d] [5d]
perffect16: checks 
princefrogz: checks 
aandre.luna: bets $0.04
perffect16: folds 
princefrogz: folds 
Uncalled bet ($0.04) returned to aandre.luna
aandre.luna collected $0.06 from pot
aandre.luna: doesn't show hand 
*** SUMMARY ***
Total pot $0.06 | Rake $0 
Board [Jc 5c 2d 5d]
Seat 1: little red12 folded before Flop (didn't bet)
Seat 2: gambitl1 folded before Flop (didn't bet)
Seat 3: aandre.luna (button) collected ($0.06)
Seat 4: perffect16 (small blind) folded on the Turn
Seat 5: princefrogz (big blind) folded on the Turn
Seat 6: Dorex2007 folded before Flop (didn't bet)
Seat 8: JPredor23 folded before Flop (didn't bet)
Seat 9: Aguinaldo1711 folded before Flop (didn't bet)



PokerStars Hand #236909070030:  Hold'em No Limit ($0.01/$0.02 USD) - 2022/06/21 19:16:37 PT [2022/06/21 22:16:37 ET]
Table 'Bianca' 9-max Seat #4 is the button
Seat 1: little red12 ($1.93 in chips) 
Seat 2: gambitl1 ($2.20 in chips) 
Seat 3: aandre.luna ($1.60 in chips) 
Seat 4: perffect16 ($2.58 in chips) 
Seat 5: princefrogz ($1.58 in chips) 
Seat 6: Dorex2007 ($2.64 in chips) 
Seat 8: JPredor23 ($1.80 in chips) 
Seat 9: Aguinaldo1711 ($0.02 in chips) 
princefrogz: posts small blind $0.01
Dorex2007: posts big blind $0.02
*** HOLE CARDS ***
Dealt to Dorex2007 [Qs Tc]
JPredor23: folds 
Aguinaldo1711: calls $0.02 and is all-in
little red12: folds 
gambitl1: folds 
aandre.luna: folds 
perffect16: calls $0.02
princefrogz: calls $0.01
Dorex2007: checks 
*** FLOP *** [Kc Ks Qd]
betotun joins the table at seat #7 
princefrogz: checks 
Dorex2007: bets $0.04
perffect16: folds 
princefrogz: calls $0.04
*** TURN *** [Kc Ks Qd] [Jc]
princefrogz: checks 
Dorex2007: checks 
*** RIVER *** [Kc Ks Qd Jc] [7c]
princefrogz is disconnected 
princefrogz is connected 
princefrogz: checks 
Dorex2007: checks 
*** SHOW DOWN ***
princefrogz: shows [Qc 5d] (two pair, Kings and Queens)
Dorex2007: shows [Qs Tc] (two pair, Kings and Queens)
princefrogz collected $0.04 from side pot
Dorex2007 collected $0.03 from side pot
Aguinaldo1711: shows [Ac 8c] (a flush, Ace high)
Aguinaldo1711 collected $0.08 from main pot
*** SUMMARY ***
Total pot $0.16 Main pot $0.08. Side pot $0.07. | Rake $0.01 
Board [Kc Ks Qd Jc 7c]
Seat 1: little red12 folded before Flop (didn't bet)
Seat 2: gambitl1 folded before Flop (didn't bet)
Seat 3: aandre.luna folded before Flop (didn't bet)
Seat 4: perffect16 (button) folded on the Flop
Seat 5: princefrogz (small blind) showed [Qc 5d] and won ($0.04) with two pair, Kings and Queens
Seat 6: Dorex2007 (big blind) showed [Qs Tc] and won ($0.03) with two pair, Kings and Queens
Seat 8: JPredor23 folded before Flop (didn't bet)
Seat 9: Aguinaldo1711 showed [Ac 8c] and won ($0.08) with a flush, Ace high



PokerStars Hand #236909089488:  Hold'em No Limit ($0.01/$0.02 USD) - 2022/06/21 19:18:18 PT [2022/06/21 22:18:18 ET]
Table 'Bianca' 9-max Seat #5 is the button
Seat 1: little red12 ($1.93 in chips) 
Seat 2: gambitl1 ($2.20 in chips) 
Seat 3: aandre.luna ($1.60 in chips) 
Seat 4: perffect16 ($2.56 in chips) 
Seat 5: princefrogz ($1.56 in chips) 
Seat 6: Dorex2007 ($2.61 in chips) 
Seat 7: betotun ($0.80 in chips) 
Seat 8: JPredor23 ($1.80 in chips) 
Seat 9: Aguinaldo1711 ($0.08 in chips) 
Dorex2007: posts small blind $0.01
betotun: posts big blind $0.02
*** HOLE CARDS ***
Dealt to Dorex2007 [2d Qc]
JPredor23: raises $0.04 to $0.06
Aguinaldo1711: calls $0.06
little red12: folds 
gambitl1: folds 
aandre.luna: folds 
perffect16: folds 
princefrogz: calls $0.06
Dorex2007: folds 
betotun: folds 
*** FLOP *** [6d Td 6c]
JPredor23: checks 
Aguinaldo1711: bets $0.02 and is all-in
princefrogz: calls $0.02
JPredor23: calls $0.02
*** TURN *** [6d Td 6c] [3c]
JPredor23: checks 
princefrogz is connected 
princefrogz: checks 
*** RIVER *** [6d Td 6c 3c] [4c]
JPredor23: bets $0.13
princefrogz: folds 
Uncalled bet ($0.13) returned to JPredor23
*** SHOW DOWN ***
JPredor23: shows [Ac 7c] (a flush, Ace high)
Aguinaldo1711: shows [9s Jh] (a pair of Sixes)
JPredor23 collected $0.26 from pot
*** SUMMARY ***
Total pot $0.27 | Rake $0.01 
Board [6d Td 6c 3c 4c]
Seat 1: little red12 folded before Flop (didn't bet)
Seat 2: gambitl1 folded before Flop (didn't bet)
Seat 3: aandre.luna folded before Flop (didn't bet)
Seat 4: perffect16 folded before Flop (didn't bet)
Seat 5: princefrogz (button) folded on the River
Seat 6: Dorex2007 (small blind) folded before Flop
Seat 7: betotun (big blind) folded before Flop
Seat 8: JPredor23 showed [Ac 7c] and won ($0.26) with a flush, Ace high
Seat 9: Aguinaldo1711 showed [9s Jh] and lost with a pair of Sixes



PokerStars Hand #236909111122:  Hold'em No Limit ($0.01/$0.02 USD) - 2022/06/21 19:20:13 PT [2022/06/21 22:20:13 ET]
Table 'Bianca' 9-max Seat #6 is the button
Seat 1: little red12 ($1.93 in chips) 
Seat 2: gambitl1 ($2.20 in chips) 
Seat 3: aandre.luna ($1.60 in chips) 
Seat 4: perffect16 ($2.56 in chips) 
Seat 5: princefrogz ($1.48 in chips) 
Seat 6: Dorex2007 ($2.60 in chips) 
Seat 7: betotun ($0.78 in chips) 
Seat 8: JPredor23 ($1.98 in chips) 
betotun: posts small blind $0.01
JPredor23: posts big blind $0.02
*** HOLE CARDS ***
Dealt to Dorex2007 [3s Qs]
little red12: folds 
gambitl1: raises $0.04 to $0.06
aandre.luna: folds 
perffect16: calls $0.06
princefrogz: calls $0.06
Dorex2007: folds 
betotun: folds 
JPredor23: calls $0.04
*** FLOP *** [5s 2d Th]
JPredor23: checks 
gambitl1: checks 
perffect16: checks 
princefrogz: checks 
*** TURN *** [5s 2d Th] [Jh]
JPredor23: checks 
gambitl1: checks 
perffect16: checks 
princefrogz: bets $0.02
JPredor23: calls $0.02
gambitl1: calls $0.02
perffect16: calls $0.02
*** RIVER *** [5s 2d Th Jh] [9d]
JPredor23: checks 
gambitl1: checks 
perffect16: checks 
princefrogz: checks 
*** SHOW DOWN ***
JPredor23: shows [2c Ac] (a pair of Deuces)
gambitl1: shows [3h 3d] (a pair of Threes)
perffect16: shows [4s 4d] (a pair of Fours)
princefrogz: shows [Jc Qd] (a pair of Jacks)
princefrogz collected $0.32 from pot
*** SUMMARY ***
Total pot $0.33 | Rake $0.01 
Board [5s 2d Th Jh 9d]
Seat 1: little red12 folded before Flop (didn't bet)
Seat 2: gambitl1 showed [3h 3d] and lost with a pair of Threes
Seat 3: aandre.luna folded before Flop (didn't bet)
Seat 4: perffect16 showed [4s 4d] and lost with a pair of Fours
Seat 5: princefrogz showed [Jc Qd] and won ($0.32) with a pair of Jacks
Seat 6: Dorex2007 (button) folded before Flop (didn't bet)
Seat 7: betotun (small blind) folded before Flop
Seat 8: JPredor23 (big blind) showed [2c Ac] and lost with a pair of Deuces



PokerStars Hand #236909126632:  Hold'em No Limit ($0.01/$0.02 USD) - 2022/06/21 19:21:37 PT [2022/06/21 22:21:37 ET]
Table 'Bianca' 9-max Seat #7 is the button
Seat 1: little red12 ($1.93 in chips) 
Seat 2: gambitl1 ($2.12 in chips) 
Seat 3: aandre.luna ($1.60 in chips) 
Seat 4: perffect16 ($2.48 in chips) 
Seat 5: princefrogz ($1.72 in chips) 
Seat 6: Dorex2007 ($2.60 in chips) 
Seat 7: betotun ($0.77 in chips) 
Seat 8: JPredor23 ($1.90 in chips) 
Seat 9: Aguinaldo1711 ($2 in chips) 
JPredor23: posts small blind $0.01
Aguinaldo1711: posts big blind $0.02
*** HOLE CARDS ***
Dealt to Dorex2007 [Kc 5h]
little red12: folds 
gambitl1: folds 
aandre.luna: calls $0.02
perffect16: folds 
princefrogz: calls $0.02
Dorex2007: folds 
betotun has timed out
betotun: folds 
JPredor23: calls $0.01
Aguinaldo1711: raises $0.02 to $0.04
aandre.luna: calls $0.02
princefrogz: calls $0.02
JPredor23: calls $0.02
*** FLOP *** [4c 2c 3s]
JPredor23: checks 
Aguinaldo1711: bets $0.08
aandre.luna: folds 
princefrogz: folds 
JPredor23: calls $0.08
*** TURN *** [4c 2c 3s] [5c]
JPredor23: checks 
Aguinaldo1711: bets $1.88 and is all-in
JPredor23: calls $1.78 and is all-in
Uncalled bet ($0.10) returned to Aguinaldo1711
*** RIVER *** [4c 2c 3s 5c] [3h]
*** SHOW DOWN ***
JPredor23: shows [Ac 9d] (a straight, Ace to Five)
Aguinaldo1711: shows [6s 7s] (a straight, Three to Seven)
Aguinaldo1711 collected $3.74 from pot
*** SUMMARY ***
Total pot $3.88 | Rake $0.14 
Board [4c 2c 3s 5c 3h]
Seat 1: little red12 folded before Flop (didn't bet)
Seat 2: gambitl1 folded before Flop (didn't bet)
Seat 3: aandre.luna folded on the Flop
Seat 4: perffect16 folded before Flop (didn't bet)
Seat 5: princefrogz folded on the Flop
Seat 6: Dorex2007 folded before Flop (didn't bet)
Seat 7: betotun (button) folded before Flop (didn't bet)
Seat 8: JPredor23 (small blind) showed [Ac 9d] and lost with a straight, Ace to Five
Seat 9: Aguinaldo1711 (big blind) showed [6s 7s] and won ($3.74) with a straight, Three to Seven



PokerStars Hand #236909147672:  Hold'em No Limit ($0.01/$0.02 USD) - 2022/06/21 19:23:12 PT [2022/06/21 22:23:12 ET]
Table 'Bianca' 9-max Seat #9 is the button
Seat 1: little red12 ($1.93 in chips) 
Seat 2: gambitl1 ($2.12 in chips) 
Seat 3: aandre.luna ($1.56 in chips) 
Seat 4: perffect16 ($2.48 in chips) 
Seat 5: princefrogz ($1.68 in chips) 
Seat 6: Dorex2007 ($2.60 in chips) 
Seat 7: betotun ($0.77 in chips) 
Seat 9: Aguinaldo1711 ($3.84 in chips) 
little red12: posts small blind $0.01
gambitl1: posts big blind $0.02
*** HOLE CARDS ***
Dealt to Dorex2007 [3h 4s]
JPredor23 leaves the table
aandre.luna: folds 
perffect16: folds 
princefrogz: calls $0.02
Dorex2007: folds 
betotun: folds 
Aguinaldo1711: calls $0.02
little red12: calls $0.01
rafaelgtzky joins the table at seat #8 
gambitl1: checks 
*** FLOP *** [9h 6c Ks]
little red12: checks 
gambitl1: checks 
princefrogz: bets $0.02
Aguinaldo1711: calls $0.02
little red12: calls $0.02
gambitl1: calls $0.02
*** TURN *** [9h 6c Ks] [Qh]
aandre.luna leaves the table
little red12: checks 
gambitl1: checks 
princefrogz: bets $0.02
Aguinaldo1711: calls $0.02
Gonzeli joins the table at seat #3 
little red12: calls $0.02
gambitl1: calls $0.02
*** RIVER *** [9h 6c Ks Qh] [Ts]
little red12: checks 
gambitl1: bets $0.18
princefrogz: calls $0.18
Aguinaldo1711: folds 
little red12: folds 
*** SHOW DOWN ***
gambitl1: shows [Js 6h] (a straight, Nine to King)
princefrogz: mucks hand 
gambitl1 collected $0.58 from pot
*** SUMMARY ***
Total pot $0.60 | Rake $0.02 
Board [9h 6c Ks Qh Ts]
Seat 1: little red12 (small blind) folded on the River
Seat 2: gambitl1 (big blind) showed [Js 6h] and won ($0.58) with a straight, Nine to King
Seat 3: aandre.luna folded before Flop (didn't bet)
Seat 4: perffect16 folded before Flop (didn't bet)
Seat 5: princefrogz mucked [Kh 9c]
Seat 6: Dorex2007 folded before Flop (didn't bet)
Seat 7: betotun folded before Flop (didn't bet)
Seat 9: Aguinaldo1711 (button) folded on the River



PokerStars Hand #236909174832:  Hold'em No Limit ($0.01/$0.02 USD) - 2022/06/21 19:25:22 PT [2022/06/21 22:25:22 ET]
Table 'Bianca' 9-max Seat #1 is the button
Seat 1: little red12 ($1.87 in chips) 
Seat 2: gambitl1 ($2.46 in chips) 
Seat 3: Gonzeli ($1.60 in chips) 
Seat 5: princefrogz ($1.44 in chips) 
Seat 6: Dorex2007 ($2.60 in chips) 
Seat 7: betotun ($0.77 in chips) 
Seat 8: rafaelgtzky ($0.80 in chips) 
Seat 9: Aguinaldo1711 ($3.78 in chips) 
gambitl1: posts small blind $0.01
Gonzeli: posts big blind $0.02
rafaelgtzky: posts big blind $0.02
*** HOLE CARDS ***
Dealt to Dorex2007 [2c 6h]
princefrogz: calls $0.02
Dorex2007: folds 
betotun: calls $0.02
rafaelgtzky: checks 
Aguinaldo1711: calls $0.02
little red12: calls $0.02
gambitl1: folds 
Gonzeli: checks 
*** FLOP *** [5h 9s Qs]
Gonzeli: checks 
princefrogz: checks 
betotun: bets $0.02
rafaelgtzky: folds 
Aguinaldo1711: calls $0.02
little red12: calls $0.02
Gonzeli: folds 
princefrogz: calls $0.02
*** TURN *** [5h 9s Qs] [5s]
princefrogz: checks 
betotun: checks 
Aguinaldo1711: bets $0.02
little red12: calls $0.02
princefrogz: folds 
betotun: folds 
*** RIVER *** [5h 9s Qs 5s] [Th]
Aguinaldo1711: bets $0.24
little red12: folds 
Uncalled bet ($0.24) returned to Aguinaldo1711
Aguinaldo1711 collected $0.24 from pot
*** SUMMARY ***
Total pot $0.25 | Rake $0.01 
Board [5h 9s Qs 5s Th]
Seat 1: little red12 (button) folded on the River
Seat 2: gambitl1 (small blind) folded before Flop
Seat 3: Gonzeli (big blind) folded on the Flop
Seat 5: princefrogz folded on the Turn
Seat 6: Dorex2007 folded before Flop (didn't bet)
Seat 7: betotun folded on the Turn
Seat 8: rafaelgtzky folded on the Flop (didn't bet)
Seat 9: Aguinaldo1711 collected ($0.24)



PokerStars Hand #236909201333:  Hold'em No Limit ($0.01/$0.02 USD) - 2022/06/21 19:27:03 PT [2022/06/21 22:27:03 ET]
Table 'Bianca' 9-max Seat #2 is the button
Seat 1: little red12 ($1.81 in chips) 
Seat 2: gambitl1 ($2.45 in chips) 
Seat 3: Gonzeli ($1.58 in chips) 
Seat 4: perffect16 ($2.48 in chips) 
Seat 5: princefrogz ($1.40 in chips) 
Seat 6: Dorex2007 ($2.60 in chips) 
Seat 7: betotun ($0.73 in chips) 
Seat 8: rafaelgtzky ($0.78 in chips) 
Seat 9: Aguinaldo1711 ($3.96 in chips) 
Gonzeli: posts small blind $0.01
perffect16: posts big blind $0.02
*** HOLE CARDS ***
Dealt to Dorex2007 [4s As]
princefrogz: folds 
Dorex2007: calls $0.02
betotun: calls $0.02
rafaelgtzky: folds 
Aguinaldo1711: calls $0.02
little red12: calls $0.02
gambitl1: calls $0.02
Gonzeli: raises $0.18 to $0.20
perffect16: folds 
Dorex2007: folds 
betotun: folds 
Aguinaldo1711: folds 
little red12: folds 
gambitl1: folds 
Uncalled bet ($0.18) returned to Gonzeli
Gonzeli collected $0.14 from pot
Gonzeli: doesn't show hand 
*** SUMMARY ***
Total pot $0.14 | Rake $0 
Seat 1: little red12 folded before Flop
Seat 2: gambitl1 (button) folded before Flop
Seat 3: Gonzeli (small blind) collected ($0.14)
Seat 4: perffect16 (big blind) folded before Flop
Seat 5: princefrogz folded before Flop (didn't bet)
Seat 6: Dorex2007 folded before Flop
Seat 7: betotun folded before Flop
Seat 8: rafaelgtzky folded before Flop (didn't bet)
Seat 9: Aguinaldo1711 folded before Flop



PokerStars Hand #236909210429:  Hold'em No Limit ($0.01/$0.02 USD) - 2022/06/21 19:27:53 PT [2022/06/21 22:27:53 ET]
Table 'Bianca' 9-max Seat #3 is the button
Seat 1: little red12 ($1.79 in chips) 
Seat 2: gambitl1 ($2.43 in chips) 
Seat 3: Gonzeli ($1.70 in chips) 
Seat 4: perffect16 ($2.46 in chips) 
Seat 5: princefrogz ($1.40 in chips) 
Seat 6: Dorex2007 ($2.58 in chips) 
Seat 7: betotun ($0.71 in chips) 
Seat 8: rafaelgtzky ($0.78 in chips) 
Seat 9: Aguinaldo1711 ($3.94 in chips) 
perffect16: posts small blind $0.01
princefrogz: posts big blind $0.02
*** HOLE CARDS ***
Dealt to Dorex2007 [Qc 5s]
Dorex2007 has timed out
Dorex2007: folds 
betotun: calls $0.02
rafaelgtzky: calls $0.02
Aguinaldo1711: calls $0.02
little red12: calls $0.02
gambitl1: folds 
Gonzeli: calls $0.02
perffect16: calls $0.01
princefrogz: checks 
*** FLOP *** [Kh Kc Js]
perffect16: checks 
princefrogz: checks 
betotun: checks 
rafaelgtzky: checks 
Aguinaldo1711: checks 
little red12: checks 
Gonzeli: folds 
*** TURN *** [Kh Kc Js] [Ah]
Gonzeli leaves the table
perffect16: bets $0.07
princefrogz: folds 
betotun: folds 
rafaelgtzky: folds 
Aguinaldo1711: folds 
little red12: folds 
Uncalled bet ($0.07) returned to perffect16
perffect16 collected $0.14 from pot
perffect16: doesn't show hand 
*** SUMMARY ***
Total pot $0.14 | Rake $0 
Board [Kh Kc Js Ah]
Seat 1: little red12 folded on the Turn
Seat 2: gambitl1 folded before Flop (didn't bet)
Seat 3: Gonzeli (button) folded on the Flop
Seat 4: perffect16 (small blind) collected ($0.14)
Seat 5: princefrogz (big blind) folded on the Turn
Seat 6: Dorex2007 folded before Flop (didn't bet)
Seat 7: betotun folded on the Turn
Seat 8: rafaelgtzky folded on the Turn
Seat 9: Aguinaldo1711 folded on the Turn



PokerStars Hand #236909227472:  Hold'em No Limit ($0.01/$0.02 USD) - 2022/06/21 19:29:26 PT [2022/06/21 22:29:26 ET]
Table 'Bianca' 9-max Seat #4 is the button
Seat 1: little red12 ($1.77 in chips) 
Seat 2: gambitl1 ($2.43 in chips) 
Seat 4: perffect16 ($2.58 in chips) 
Seat 5: princefrogz ($1.38 in chips) 
Seat 6: Dorex2007 ($2.58 in chips) 
Seat 7: betotun ($0.69 in chips) 
Seat 8: rafaelgtzky ($0.76 in chips) 
Seat 9: Aguinaldo1711 ($3.92 in chips) 
princefrogz: posts small blind $0.01
Dorex2007: posts big blind $0.02
*** HOLE CARDS ***
Dealt to Dorex2007 [Qc 8d]
betotun: calls $0.02
rafaelgtzky: calls $0.02
Aguinaldo1711: calls $0.02
RykyBoby joins the table at seat #3 
little red12: folds 
gambitl1: folds 
perffect16: folds 
princefrogz: calls $0.01
Dorex2007: checks 
*** FLOP *** [3s 4h 2s]
princefrogz: checks 
Dorex2007: checks 
betotun: bets $0.02
rafaelgtzky: calls $0.02
Aguinaldo1711: calls $0.02
princefrogz: calls $0.02
Dorex2007: folds 
*** TURN *** [3s 4h 2s] [Ks]
princefrogz: checks 
betotun: checks 
rafaelgtzky: bets $0.17
Aguinaldo1711: folds 
princefrogz: folds 
betotun: folds 
Uncalled bet ($0.17) returned to rafaelgtzky
rafaelgtzky collected $0.17 from pot
rafaelgtzky: doesn't show hand 
*** SUMMARY ***
Total pot $0.18 | Rake $0.01 
Board [3s 4h 2s Ks]
Seat 1: little red12 folded before Flop (didn't bet)
Seat 2: gambitl1 folded before Flop (didn't bet)
Seat 4: perffect16 (button) folded before Flop (didn't bet)
Seat 5: princefrogz (small blind) folded on the Turn
Seat 6: Dorex2007 (big blind) folded on the Flop
Seat 7: betotun folded on the Turn
Seat 8: rafaelgtzky collected ($0.17)
Seat 9: Aguinaldo1711 folded on the Turn



PokerStars Hand #236909252189:  Hold'em No Limit ($0.01/$0.02 USD) - 2022/06/21 19:31:01 PT [2022/06/21 22:31:01 ET]
Table 'Bianca' 9-max Seat #5 is the button
Seat 1: little red12 ($1.77 in chips) 
Seat 2: gambitl1 ($2.43 in chips) 
Seat 3: RykyBoby ($0.96 in chips) 
Seat 4: perffect16 ($2.58 in chips) 
Seat 5: princefrogz ($1.34 in chips) 
Seat 6: Dorex2007 ($2.56 in chips) 
Seat 7: betotun ($0.65 in chips) 
Seat 8: rafaelgtzky ($0.89 in chips) 
Seat 9: Aguinaldo1711 ($3.88 in chips) 
Dorex2007: posts small blind $0.01
betotun: posts big blind $0.02
RykyBoby: posts big blind $0.02
*** HOLE CARDS ***
Dealt to Dorex2007 [9h 4h]
rafaelgtzky: calls $0.02
Aguinaldo1711: calls $0.02
little red12: folds 
gambitl1: folds 
RykyBoby: checks 
perffect16: calls $0.02
princefrogz: calls $0.02
Dorex2007: calls $0.01
betotun: checks 
*** FLOP *** [3d 2s 8h]
Dorex2007: checks 
betotun: checks 
rafaelgtzky: checks 
Aguinaldo1711: checks 
RykyBoby: bets $0.07
perffect16: folds 
princefrogz: calls $0.07
Dorex2007: folds 
betotun: folds 
rafaelgtzky: calls $0.07
Aguinaldo1711: calls $0.07
*** TURN *** [3d 2s 8h] [Kd]
rafaelgtzky: checks 
Aguinaldo1711: bets $0.41
RykyBoby: folds 
princefrogz: folds 
rafaelgtzky: folds 
Uncalled bet ($0.41) returned to Aguinaldo1711
Aguinaldo1711 collected $0.41 from pot
*** SUMMARY ***
Total pot $0.42 | Rake $0.01 
Board [3d 2s 8h Kd]
Seat 1: little red12 folded before Flop (didn't bet)
Seat 2: gambitl1 folded before Flop (didn't bet)
Seat 3: RykyBoby folded on the Turn
Seat 4: perffect16 folded on the Flop
Seat 5: princefrogz (button) folded on the Turn
Seat 6: Dorex2007 (small blind) folded on the Flop
Seat 7: betotun (big blind) folded on the Flop
Seat 8: rafaelgtzky folded on the Turn
Seat 9: Aguinaldo1711 collected ($0.41)



PokerStars Hand #236909273429:  Hold'em No Limit ($0.01/$0.02 USD) - 2022/06/21 19:32:26 PT [2022/06/21 22:32:26 ET]
Table 'Bianca' 9-max Seat #6 is the button
Seat 1: little red12 ($1.77 in chips) 
Seat 2: gambitl1 ($2.43 in chips) 
Seat 3: RykyBoby ($0.87 in chips) 
Seat 4: perffect16 ($2.56 in chips) 
Seat 5: princefrogz ($1.25 in chips) 
Seat 6: Dorex2007 ($2.54 in chips) 
Seat 7: betotun ($0.63 in chips) 
Seat 8: rafaelgtzky ($0.80 in chips) 
Seat 9: Aguinaldo1711 ($4.20 in chips) 
betotun: posts small blind $0.01
rafaelgtzky: posts big blind $0.02
*** HOLE CARDS ***
Dealt to Dorex2007 [7s 5s]
Aguinaldo1711: calls $0.02
little red12: folds 
gambitl1: folds 
RykyBoby: folds 
perffect16: calls $0.02
princefrogz: calls $0.02
Dorex2007: folds 
betotun: calls $0.01
rafaelgtzky: checks 
*** FLOP *** [Jc 4d 6c]
betotun: checks 
rafaelgtzky: bets $0.02
Aguinaldo1711: calls $0.02
perffect16: folds 
princefrogz: calls $0.02
betotun: folds 
*** TURN *** [Jc 4d 6c] [6h]
rafaelgtzky: bets $0.02
Aguinaldo1711: calls $0.02
princefrogz: calls $0.02
*** RIVER *** [Jc 4d 6c 6h] [9d]
rafaelgtzky: bets $0.21
Aguinaldo1711: folds 
princefrogz: folds 
Uncalled bet ($0.21) returned to rafaelgtzky
rafaelgtzky collected $0.21 from pot
rafaelgtzky: doesn't show hand 
*** SUMMARY ***
Total pot $0.22 | Rake $0.01 
Board [Jc 4d 6c 6h 9d]
Seat 1: little red12 folded before Flop (didn't bet)
Seat 2: gambitl1 folded before Flop (didn't bet)
Seat 3: RykyBoby folded before Flop (didn't bet)
Seat 4: perffect16 folded on the Flop
Seat 5: princefrogz folded on the River
Seat 6: Dorex2007 (button) folded before Flop (didn't bet)
Seat 7: betotun (small blind) folded on the Flop
Seat 8: rafaelgtzky (big blind) collected ($0.21)
Seat 9: Aguinaldo1711 folded on the River



PokerStars Hand #236909289007:  Hold'em No Limit ($0.01/$0.02 USD) - 2022/06/21 19:33:51 PT [2022/06/21 22:33:51 ET]
Table 'Bianca' 9-max Seat #7 is the button
Seat 1: little red12 ($1.77 in chips) 
Seat 2: gambitl1 ($2.43 in chips) 
Seat 3: RykyBoby ($0.87 in chips) 
Seat 4: perffect16 ($2.54 in chips) 
Seat 5: princefrogz ($1.19 in chips) 
Seat 6: Dorex2007 ($2.54 in chips) 
Seat 7: betotun ($0.61 in chips) 
Seat 8: rafaelgtzky ($0.95 in chips) 
Seat 9: Aguinaldo1711 ($4.14 in chips) 
rafaelgtzky: posts small blind $0.01
Aguinaldo1711: posts big blind $0.02
*** HOLE CARDS ***
Dealt to Dorex2007 [7s 9s]
little red12: calls $0.02
gambitl1: folds 
RykyBoby: calls $0.02
perffect16: calls $0.02
princefrogz: folds 
Dorex2007: folds 
betotun: calls $0.02
rafaelgtzky: calls $0.01
Aguinaldo1711: checks 
*** FLOP *** [4c Jd 8s]
rafaelgtzky: checks 
Aguinaldo1711: bets $0.02
little red12: calls $0.02
RykyBoby: calls $0.02
perffect16: folds 
betotun: folds 
rafaelgtzky: calls $0.02
*** TURN *** [4c Jd 8s] [Th]
rafaelgtzky: checks 
Aguinaldo1711: bets $0.19
little red12: folds 
RykyBoby: folds 
rafaelgtzky: folds 
Uncalled bet ($0.19) returned to Aguinaldo1711
Aguinaldo1711 collected $0.19 from pot
*** SUMMARY ***
Total pot $0.20 | Rake $0.01 
Board [4c Jd 8s Th]
Seat 1: little red12 folded on the Turn
Seat 2: gambitl1 folded before Flop (didn't bet)
Seat 3: RykyBoby folded on the Turn
Seat 4: perffect16 folded on the Flop
Seat 5: princefrogz folded before Flop (didn't bet)
Seat 6: Dorex2007 folded before Flop (didn't bet)
Seat 7: betotun (button) folded on the Flop
Seat 8: rafaelgtzky (small blind) folded on the Turn
Seat 9: Aguinaldo1711 (big blind) collected ($0.19)



PokerStars Hand #236909299882:  Hold'em No Limit ($0.01/$0.02 USD) - 2022/06/21 19:34:51 PT [2022/06/21 22:34:51 ET]
Table 'Bianca' 9-max Seat #8 is the button
Seat 2: gambitl1 ($2.43 in chips) 
Seat 3: RykyBoby ($0.83 in chips) 
Seat 4: perffect16 ($2.52 in chips) 
Seat 5: princefrogz ($1.19 in chips) 
Seat 6: Dorex2007 ($2.54 in chips) 
Seat 7: betotun ($0.59 in chips) 
Seat 8: rafaelgtzky ($0.91 in chips) 
Seat 9: Aguinaldo1711 ($4.29 in chips) 
Aguinaldo1711: posts small blind $0.01
gambitl1: posts big blind $0.02
*** HOLE CARDS ***
Dealt to Dorex2007 [4c Ah]
little red12 leaves the table
RykyBoby: calls $0.02
perffect16: raises $0.04 to $0.06
princefrogz: calls $0.06
Dorex2007: folds 
betotun: folds 
rafaelgtzky: folds 
Aguinaldo1711: calls $0.05
woody2185498 joins the table at seat #1 
gambitl1: folds 
RykyBoby: calls $0.04
*** FLOP *** [6s 9c 9s]
Aguinaldo1711: bets $0.13
RykyBoby: calls $0.13
perffect16: calls $0.13
princefrogz: folds 
*** TURN *** [6s 9c 9s] [Qc]
Aguinaldo1711: bets $0.63
RykyBoby: folds 
perffect16: calls $0.63
*** RIVER *** [6s 9c 9s Qc] [2d]
Aguinaldo1711: bets $0.92
perffect16: folds 
Uncalled bet ($0.92) returned to Aguinaldo1711
Aguinaldo1711 collected $1.84 from pot
*** SUMMARY ***
Total pot $1.91 | Rake $0.07 
Board [6s 9c 9s Qc 2d]
Seat 2: gambitl1 (big blind) folded before Flop
Seat 3: RykyBoby folded on the Turn
Seat 4: perffect16 folded on the River
Seat 5: princefrogz folded on the Flop
Seat 6: Dorex2007 folded before Flop (didn't bet)
Seat 7: betotun folded before Flop (didn't bet)
Seat 8: rafaelgtzky (button) folded before Flop (didn't bet)
Seat 9: Aguinaldo1711 (small blind) collected ($1.84)



PokerStars Hand #236909317365:  Hold'em No Limit ($0.01/$0.02 USD) - 2022/06/21 19:36:28 PT [2022/06/21 22:36:28 ET]
Table 'Bianca' 9-max Seat #9 is the button
Seat 2: gambitl1 ($2.41 in chips) 
Seat 3: RykyBoby ($0.64 in chips) 
Seat 4: perffect16 ($2 in chips) 
Seat 5: princefrogz ($1.13 in chips) 
Seat 6: Dorex2007 ($2.54 in chips) 
Seat 7: betotun ($0.59 in chips) 
Seat 8: rafaelgtzky ($0.91 in chips) 
Seat 9: Aguinaldo1711 ($5.31 in chips) 
gambitl1: posts small blind $0.01
RykyBoby: posts big blind $0.02
*** HOLE CARDS ***
Dealt to Dorex2007 [Ac Tc]
perffect16: folds 
princefrogz: calls $0.02
Dorex2007: calls $0.02
betotun: folds 
rafaelgtzky: folds 
Aguinaldo1711: calls $0.02
gambitl1: calls $0.01
RykyBoby: checks 
*** FLOP *** [8c Kd 7s]
gambitl1: checks 
RykyBoby: checks 
betotun leaves the table
princefrogz: checks 
Dorex2007: checks 
Aguinaldo1711: checks 
*** TURN *** [8c Kd 7s] [2d]
lucasboroski joins the table at seat #7 
gambitl1: bets $0.05
RykyBoby: folds 
princefrogz: calls $0.05
Dorex2007: folds 
Aguinaldo1711: folds 
*** RIVER *** [8c Kd 7s 2d] [9s]
gambitl1: checks 
princefrogz: checks 
*** SHOW DOWN ***
gambitl1: shows [Jc Kc] (a pair of Kings)
princefrogz: mucks hand 
gambitl1 collected $0.19 from pot
*** SUMMARY ***
Total pot $0.20 | Rake $0.01 
Board [8c Kd 7s 2d 9s]
Seat 2: gambitl1 (small blind) showed [Jc Kc] and won ($0.19) with a pair of Kings
Seat 3: RykyBoby (big blind) folded on the Turn
Seat 4: perffect16 folded before Flop (didn't bet)
Seat 5: princefrogz mucked [4c 4d]
Seat 6: Dorex2007 folded on the Turn
Seat 7: betotun folded before Flop (didn't bet)
Seat 8: rafaelgtzky folded before Flop (didn't bet)
Seat 9: Aguinaldo1711 (button) folded on the Turn



PokerStars Hand #236909335351:  Hold'em No Limit ($0.01/$0.02 USD) - 2022/06/21 19:38:09 PT [2022/06/21 22:38:09 ET]
Table 'Bianca' 9-max Seat #2 is the button
Seat 2: gambitl1 ($2.53 in chips) 
Seat 3: RykyBoby ($0.62 in chips) 
Seat 4: perffect16 ($2 in chips) 
Seat 5: princefrogz ($1.06 in chips) 
Seat 6: Dorex2007 ($2.52 in chips) 
Seat 7: lucasboroski ($0.97 in chips) 
Seat 8: rafaelgtzky ($0.91 in chips) 
Seat 9: Aguinaldo1711 ($5.29 in chips) 
RykyBoby: posts small blind $0.01
perffect16: posts big blind $0.02
lucasboroski: posts big blind $0.02
woody2185498: sits out 
*** HOLE CARDS ***
Dealt to Dorex2007 [7d 5h]
princefrogz: raises $0.02 to $0.04
Dorex2007: folds 
lucasboroski: raises $0.11 to $0.15
rafaelgtzky: folds 
Aguinaldo1711: folds 
gambitl1: folds 
RykyBoby: folds 
perffect16: folds 
princefrogz: calls $0.11
*** FLOP *** [Js 9d 9h]
princefrogz: bets $0.02
lucasboroski: calls $0.02
*** TURN *** [Js 9d 9h] [Ts]
princefrogz: bets $0.02
lucasboroski: raises $0.40 to $0.42
princefrogz: calls $0.40
*** RIVER *** [Js 9d 9h Ts] [5d]
princefrogz: bets $0.02
lucasboroski: calls $0.02
*** SHOW DOWN ***
princefrogz: shows [Qh Kh] (a straight, Nine to King)
lucasboroski: mucks hand 
princefrogz collected $1.21 from pot
*** SUMMARY ***
Total pot $1.25 | Rake $0.04 
Board [Js 9d 9h Ts 5d]
Seat 2: gambitl1 (button) folded before Flop (didn't bet)
Seat 3: RykyBoby (small blind) folded before Flop
Seat 4: perffect16 (big blind) folded before Flop
Seat 5: princefrogz showed [Qh Kh] and won ($1.21) with a straight, Nine to King
Seat 6: Dorex2007 folded before Flop (didn't bet)
Seat 7: lucasboroski mucked [Td Ad]
Seat 8: rafaelgtzky folded before Flop (didn't bet)
Seat 9: Aguinaldo1711 folded before Flop (didn't bet)



PokerStars Hand #236909348076:  Hold'em No Limit ($0.01/$0.02 USD) - 2022/06/21 19:39:21 PT [2022/06/21 22:39:21 ET]
Table 'Bianca' 9-max Seat #3 is the button
Seat 2: gambitl1 ($2.53 in chips) 
Seat 3: RykyBoby ($0.61 in chips) 
Seat 4: perffect16 ($2 in chips) 
Seat 5: princefrogz ($1.66 in chips) 
Seat 6: Dorex2007 ($2.52 in chips) 
Seat 7: lucasboroski ($0.36 in chips) 
Seat 8: rafaelgtzky ($0.91 in chips) 
Seat 9: Aguinaldo1711 ($5.29 in chips) 
perffect16: posts small blind $0.01
princefrogz: posts big blind $0.02
woody2185498: sits out 
*** HOLE CARDS ***
Dealt to Dorex2007 [5d 2d]
Dorex2007: folds 
lucasboroski: raises $0.34 to $0.36 and is all-in
rafaelgtzky: folds 
Aguinaldo1711: calls $0.36
gambitl1: folds 
RykyBoby: folds 
perffect16: folds 
princefrogz: folds 
*** FLOP *** [Ts 3c Kh]
*** TURN *** [Ts 3c Kh] [Jc]
*** RIVER *** [Ts 3c Kh Jc] [8d]
*** SHOW DOWN ***
lucasboroski: shows [Ks Th] (two pair, Kings and Tens)
Aguinaldo1711: shows [3d 3s] (three of a kind, Threes)
Aguinaldo1711 collected $0.72 from pot
*** SUMMARY ***
Total pot $0.75 | Rake $0.03 
Board [Ts 3c Kh Jc 8d]
Seat 2: gambitl1 folded before Flop (didn't bet)
Seat 3: RykyBoby (button) folded before Flop (didn't bet)
Seat 4: perffect16 (small blind) folded before Flop
Seat 5: princefrogz (big blind) folded before Flop
Seat 6: Dorex2007 folded before Flop (didn't bet)
Seat 7: lucasboroski showed [Ks Th] and lost with two pair, Kings and Tens
Seat 8: rafaelgtzky folded before Flop (didn't bet)
Seat 9: Aguinaldo1711 showed [3d 3s] and won ($0.72) with three of a kind, Threes



PokerStars Hand #236909358896:  Hold'em No Limit ($0.01/$0.02 USD) - 2022/06/21 19:40:21 PT [2022/06/21 22:40:21 ET]
Table 'Bianca' 9-max Seat #4 is the button
Seat 2: gambitl1 ($2.53 in chips) 
Seat 3: RykyBoby ($0.61 in chips) 
Seat 4: perffect16 ($2 in chips) 
Seat 5: princefrogz ($1.64 in chips) 
Seat 6: Dorex2007 ($2.52 in chips) 
Seat 8: rafaelgtzky ($0.91 in chips) 
Seat 9: Aguinaldo1711 ($5.65 in chips) 
princefrogz: posts small blind $0.01
Dorex2007: posts big blind $0.02
woody2185498: sits out 
*** HOLE CARDS ***
Dealt to Dorex2007 [2s 4s]
rafaelgtzky: folds 
Aguinaldo1711: calls $0.02
gambitl1: calls $0.02
RykyBoby: calls $0.02
lucasboroski leaves the table
perffect16: folds 
princefrogz: calls $0.01
Dorex2007: checks 
*** FLOP *** [5c Kh 7s]
princefrogz: checks 
Dorex2007: checks 
Aguinaldo1711: bets $0.02
gambitl1: folds 
RykyBoby: folds 
princefrogz: calls $0.02
Dorex2007: folds 
*** TURN *** [5c Kh 7s] [Qc]
princefrogz: checks 
Aguinaldo1711: bets $0.07
CestLavie95 joins the table at seat #7 
princefrogz: folds 
Uncalled bet ($0.07) returned to Aguinaldo1711
Aguinaldo1711 collected $0.14 from pot
*** SUMMARY ***
Total pot $0.14 | Rake $0 
Board [5c Kh 7s Qc]
Seat 2: gambitl1 folded on the Flop
Seat 3: RykyBoby folded on the Flop
Seat 4: perffect16 (button) folded before Flop (didn't bet)
Seat 5: princefrogz (small blind) folded on the Turn
Seat 6: Dorex2007 (big blind) folded on the Flop
Seat 8: rafaelgtzky folded before Flop (didn't bet)
Seat 9: Aguinaldo1711 collected ($0.14)



PokerStars Hand #236909373047:  Hold'em No Limit ($0.01/$0.02 USD) - 2022/06/21 19:41:41 PT [2022/06/21 22:41:41 ET]
Table 'Bianca' 9-max Seat #5 is the button
Seat 2: gambitl1 ($2.51 in chips) 
Seat 3: RykyBoby ($0.59 in chips) 
Seat 4: perffect16 ($2 in chips) 
Seat 5: princefrogz ($1.60 in chips) 
Seat 6: Dorex2007 ($2.50 in chips) 
Seat 7: CestLavie95 ($2 in chips) 
Seat 8: rafaelgtzky ($0.91 in chips) 
Seat 9: Aguinaldo1711 ($5.75 in chips) 
Dorex2007: posts small blind $0.01
CestLavie95: posts big blind $0.02
woody2185498: sits out 
*** HOLE CARDS ***
Dealt to Dorex2007 [4s Ts]
rafaelgtzky: folds 
Aguinaldo1711: calls $0.02
gambitl1 has timed out
gambitl1: folds 
RykyBoby: calls $0.02
perffect16: calls $0.02
princefrogz: calls $0.02
Dorex2007: folds 
CestLavie95: checks 
*** FLOP *** [Kc 3d 5d]
CestLavie95: checks 
Aguinaldo1711: bets $0.02
RykyBoby: calls $0.02
perffect16: calls $0.02
princefrogz: calls $0.02
CestLavie95: raises $0.09 to $0.11
Aguinaldo1711: calls $0.09
RykyBoby: folds 
perffect16: folds 
princefrogz: calls $0.09
*** TURN *** [Kc 3d 5d] [Tc]
CestLavie95: bets $0.35
Aguinaldo1711: folds 
princefrogz: calls $0.35
*** RIVER *** [Kc 3d 5d Tc] [6s]
CestLavie95: bets $0.50
princefrogz: folds 
Uncalled bet ($0.50) returned to CestLavie95
CestLavie95 collected $1.14 from pot
CestLavie95: doesn't show hand 
*** SUMMARY ***
Total pot $1.18 | Rake $0.04 
Board [Kc 3d 5d Tc 6s]
Seat 2: gambitl1 folded before Flop (didn't bet)
Seat 3: RykyBoby folded on the Flop
Seat 4: perffect16 folded on the Flop
Seat 5: princefrogz (button) folded on the River
Seat 6: Dorex2007 (small blind) folded before Flop
Seat 7: CestLavie95 (big blind) collected ($1.14)
Seat 8: rafaelgtzky folded before Flop (didn't bet)
Seat 9: Aguinaldo1711 folded on the Turn



PokerStars Hand #236909392724:  Hold'em No Limit ($0.01/$0.02 USD) - 2022/06/21 19:43:34 PT [2022/06/21 22:43:34 ET]
Table 'Bianca' 9-max Seat #6 is the button
Seat 2: gambitl1 ($2.51 in chips) 
Seat 3: RykyBoby ($0.55 in chips) 
Seat 4: perffect16 ($2 in chips) 
Seat 5: princefrogz ($1.12 in chips) 
Seat 6: Dorex2007 ($2.49 in chips) 
Seat 7: CestLavie95 ($2.66 in chips) 
Seat 8: rafaelgtzky ($0.91 in chips) 
Seat 9: Aguinaldo1711 ($5.62 in chips) 
CestLavie95: posts small blind $0.01
rafaelgtzky: posts big blind $0.02
woody2185498: sits out 
*** HOLE CARDS ***
Dealt to Dorex2007 [Jh Ks]
Aguinaldo1711: calls $0.02
gambitl1: folds 
RykyBoby: folds 
perffect16: folds 
princefrogz: calls $0.02
Dorex2007: calls $0.02
CestLavie95: calls $0.01
rafaelgtzky: raises $0.02 to $0.04
Aguinaldo1711: calls $0.02
princefrogz: calls $0.02
Dorex2007: calls $0.02
CestLavie95: calls $0.02
*** FLOP *** [5h Ad 6h]
CestLavie95: checks 
rafaelgtzky: checks 
Aguinaldo1711: bets $0.19
princefrogz: folds 
Dorex2007: folds 
CestLavie95: folds 
rafaelgtzky: calls $0.19
*** TURN *** [5h Ad 6h] [7h]
rafaelgtzky: checks 
Aguinaldo1711: bets $0.56
rafaelgtzky: folds 
Uncalled bet ($0.56) returned to Aguinaldo1711
Aguinaldo1711 collected $0.56 from pot
*** SUMMARY ***
Total pot $0.58 | Rake $0.02 
Board [5h Ad 6h 7h]
Seat 2: gambitl1 folded before Flop (didn't bet)
Seat 3: RykyBoby folded before Flop (didn't bet)
Seat 4: perffect16 folded before Flop (didn't bet)
Seat 5: princefrogz folded on the Flop
Seat 6: Dorex2007 (button) folded on the Flop
Seat 7: CestLavie95 (small blind) folded on the Flop
Seat 8: rafaelgtzky (big blind) folded on the Turn
Seat 9: Aguinaldo1711 collected ($0.56)



PokerStars Hand #236909410231:  Hold'em No Limit ($0.01/$0.02 USD) - 2022/06/21 19:44:43 PT [2022/06/21 22:44:43 ET]
Table 'Bianca' 9-max Seat #7 is the button
Seat 2: gambitl1 ($2.51 in chips) 
Seat 3: RykyBoby ($0.55 in chips) 
Seat 4: perffect16 ($2 in chips) 
Seat 5: princefrogz ($1.08 in chips) 
Seat 6: Dorex2007 ($2.45 in chips) 
Seat 7: CestLavie95 ($2.62 in chips) 
Seat 8: rafaelgtzky ($0.68 in chips) 
Seat 9: Aguinaldo1711 ($5.95 in chips) 
rafaelgtzky: posts small blind $0.01
Aguinaldo1711: posts big blind $0.02
woody2185498: sits out 
*** HOLE CARDS ***
Dealt to Dorex2007 [9s Th]
gambitl1: folds 
RykyBoby: calls $0.02
perffect16: folds 
princefrogz: calls $0.02
Dorex2007: folds 
CestLavie95: raises $0.02 to $0.04
rafaelgtzky: calls $0.03
Aguinaldo1711: calls $0.02
RykyBoby: calls $0.02
princefrogz: calls $0.02
*** FLOP *** [Qc 4c 8d]
rafaelgtzky: bets $0.64 and is all-in
Aguinaldo1711: folds 
RykyBoby: folds 
princefrogz: folds 
CestLavie95: folds 
Uncalled bet ($0.64) returned to rafaelgtzky
rafaelgtzky collected $0.19 from pot
rafaelgtzky: doesn't show hand 
*** SUMMARY ***
Total pot $0.20 | Rake $0.01 
Board [Qc 4c 8d]
Seat 2: gambitl1 folded before Flop (didn't bet)
Seat 3: RykyBoby folded on the Flop
Seat 4: perffect16 folded before Flop (didn't bet)
Seat 5: princefrogz folded on the Flop
Seat 6: Dorex2007 folded before Flop (didn't bet)
Seat 7: CestLavie95 (button) folded on the Flop
Seat 8: rafaelgtzky (small blind) collected ($0.19)
Seat 9: Aguinaldo1711 (big blind) folded on the Flop



PokerStars Hand #236909420758:  Hold'em No Limit ($0.01/$0.02 USD) - 2022/06/21 19:45:44 PT [2022/06/21 22:45:44 ET]
Table 'Bianca' 9-max Seat #8 is the button
Seat 1: woody2185498 ($1.60 in chips) 
Seat 2: gambitl1 ($2.51 in chips) 
Seat 3: RykyBoby ($0.51 in chips) 
Seat 4: perffect16 ($2 in chips) 
Seat 5: princefrogz ($1.04 in chips) 
Seat 6: Dorex2007 ($2.45 in chips) 
Seat 7: CestLavie95 ($2.58 in chips) 
Seat 8: rafaelgtzky ($0.83 in chips) 
Seat 9: Aguinaldo1711 ($5.91 in chips) 
Aguinaldo1711: posts small blind $0.01
woody2185498: posts big blind $0.02
*** HOLE CARDS ***
Dealt to Dorex2007 [Kc 2c]
gambitl1: folds 
RykyBoby: calls $0.02
perffect16: folds 
princefrogz: calls $0.02
Dorex2007: folds 
CestLavie95: folds 
rafaelgtzky: calls $0.02
Aguinaldo1711: calls $0.01
woody2185498: checks 
*** FLOP *** [6c Ac 4h]
Aguinaldo1711: bets $0.02
woody2185498: calls $0.02
RykyBoby: calls $0.02
princefrogz: calls $0.02
rafaelgtzky: folds 
*** TURN *** [6c Ac 4h] [Ts]
Aguinaldo1711: checks 
woody2185498: checks 
RykyBoby: checks 
princefrogz: bets $0.10
Aguinaldo1711: folds 
woody2185498: calls $0.10
RykyBoby: folds 
*** RIVER *** [6c Ac 4h Ts] [Js]
woody2185498: checks 
princefrogz: bets $0.12
woody2185498: folds 
Uncalled bet ($0.12) returned to princefrogz
princefrogz collected $0.37 from pot
princefrogz: doesn't show hand 
*** SUMMARY ***
Total pot $0.38 | Rake $0.01 
Board [6c Ac 4h Ts Js]
Seat 1: woody2185498 (big blind) folded on the River
Seat 2: gambitl1 folded before Flop (didn't bet)
Seat 3: RykyBoby folded on the Turn
Seat 4: perffect16 folded before Flop (didn't bet)
Seat 5: princefrogz collected ($0.37)
Seat 6: Dorex2007 folded before Flop (didn't bet)
Seat 7: CestLavie95 folded before Flop (didn't bet)
Seat 8: rafaelgtzky (button) folded on the Flop
Seat 9: Aguinaldo1711 (small blind) folded on the Turn



PokerStars Hand #236909441559:  Hold'em No Limit ($0.01/$0.02 USD) - 2022/06/21 19:47:45 PT [2022/06/21 22:47:45 ET]
Table 'Bianca' 9-max Seat #9 is the button
Seat 1: woody2185498 ($1.46 in chips) 
Seat 2: gambitl1 ($2.51 in chips) 
Seat 3: RykyBoby ($0.47 in chips) 
Seat 4: perffect16 ($2 in chips) 
Seat 5: princefrogz ($1.27 in chips) 
Seat 6: Dorex2007 ($2.45 in chips) 
Seat 7: CestLavie95 ($2.58 in chips) 
Seat 8: rafaelgtzky ($0.81 in chips) 
Seat 9: Aguinaldo1711 ($5.87 in chips) 
woody2185498: posts small blind $0.01
gambitl1: posts big blind $0.02
*** HOLE CARDS ***
Dealt to Dorex2007 [8d 3h]
RykyBoby: calls $0.02
perffect16: folds 
princefrogz: calls $0.02
Dorex2007: folds 
CestLavie95: folds 
rafaelgtzky: raises $0.09 to $0.11
Aguinaldo1711: calls $0.11
woody2185498: folds 
gambitl1: folds 
RykyBoby: folds 
princefrogz: calls $0.09
*** FLOP *** [7d Kd Th]
princefrogz: checks 
rafaelgtzky: checks 
Aguinaldo1711: bets $0.02
princefrogz: calls $0.02
rafaelgtzky: calls $0.02
*** TURN *** [7d Kd Th] [4s]
princefrogz: checks 
rafaelgtzky: checks 
Aguinaldo1711: checks 
*** RIVER *** [7d Kd Th 4s] [8c]
princefrogz: bets $0.18
rafaelgtzky: calls $0.18
Aguinaldo1711: folds 
*** SHOW DOWN ***
princefrogz: shows [6c 9s] (a straight, Six to Ten)
rafaelgtzky: mucks hand 
princefrogz collected $0.77 from pot
*** SUMMARY ***
Total pot $0.80 | Rake $0.03 
Board [7d Kd Th 4s 8c]
Seat 1: woody2185498 (small blind) folded before Flop
Seat 2: gambitl1 (big blind) folded before Flop
Seat 3: RykyBoby folded before Flop
Seat 4: perffect16 folded before Flop (didn't bet)
Seat 5: princefrogz showed [6c 9s] and won ($0.77) with a straight, Six to Ten
Seat 6: Dorex2007 folded before Flop (didn't bet)
Seat 7: CestLavie95 folded before Flop (didn't bet)
Seat 8: rafaelgtzky mucked [Qd Qh]
Seat 9: Aguinaldo1711 (button) folded on the River



PokerStars Hand #236909454972:  Hold'em No Limit ($0.01/$0.02 USD) - 2022/06/21 19:49:03 PT [2022/06/21 22:49:03 ET]
Table 'Bianca' 9-max Seat #1 is the button
Seat 1: woody2185498 ($1.45 in chips) 
Seat 2: gambitl1 ($2.49 in chips) 
Seat 3: RykyBoby ($0.45 in chips) 
Seat 4: perffect16 ($2 in chips) 
Seat 5: princefrogz ($1.73 in chips) 
Seat 6: Dorex2007 ($2.45 in chips) 
Seat 7: CestLavie95 ($2.58 in chips) 
Seat 8: rafaelgtzky ($0.50 in chips) 
Seat 9: Aguinaldo1711 ($5.74 in chips) 
gambitl1: posts small blind $0.01
RykyBoby: posts big blind $0.02
*** HOLE CARDS ***
Dealt to Dorex2007 [Qh Ks]
perffect16: folds 
princefrogz: calls $0.02
Dorex2007: raises $0.04 to $0.06
CestLavie95: folds 
rafaelgtzky: calls $0.06
Aguinaldo1711: calls $0.06
woody2185498: folds 
gambitl1: folds 
RykyBoby: calls $0.04
princefrogz: calls $0.04
*** FLOP *** [Qc 4c 8c]
RykyBoby: checks 
princefrogz: checks 
Dorex2007: bets $0.15
rafaelgtzky: folds 
Aguinaldo1711: folds 
RykyBoby: folds 
princefrogz: folds 
Uncalled bet ($0.15) returned to Dorex2007
Dorex2007 collected $0.30 from pot
Dorex2007: doesn't show hand 
*** SUMMARY ***
Total pot $0.31 | Rake $0.01 
Board [Qc 4c 8c]
Seat 1: woody2185498 (button) folded before Flop (didn't bet)
Seat 2: gambitl1 (small blind) folded before Flop
Seat 3: RykyBoby (big blind) folded on the Flop
Seat 4: perffect16 folded before Flop (didn't bet)
Seat 5: princefrogz folded on the Flop
Seat 6: Dorex2007 collected ($0.30)
Seat 7: CestLavie95 folded before Flop (didn't bet)
Seat 8: rafaelgtzky folded on the Flop
Seat 9: Aguinaldo1711 folded on the Flop



PokerStars Hand #236909471483:  Hold'em No Limit ($0.01/$0.02 USD) - 2022/06/21 19:50:40 PT [2022/06/21 22:50:40 ET]
Table 'Bianca' 9-max Seat #2 is the button
Seat 1: woody2185498 ($1.45 in chips) 
Seat 2: gambitl1 ($2.48 in chips) 
Seat 3: RykyBoby ($0.39 in chips) 
Seat 4: perffect16 ($2 in chips) 
Seat 5: princefrogz ($1.67 in chips) 
Seat 6: Dorex2007 ($2.69 in chips) 
Seat 7: CestLavie95 ($2.58 in chips) 
Seat 8: rafaelgtzky ($0.44 in chips) 
Seat 9: Aguinaldo1711 ($5.68 in chips) 
RykyBoby: posts small blind $0.01
perffect16: posts big blind $0.02
*** HOLE CARDS ***
Dealt to Dorex2007 [4s Kh]
princefrogz: calls $0.02
Dorex2007: folds 
CestLavie95: folds 
rafaelgtzky: calls $0.02
Aguinaldo1711: calls $0.02
woody2185498: calls $0.02
gambitl1 has timed out
gambitl1: folds 
RykyBoby: raises $0.04 to $0.06
perffect16: folds 
princefrogz: calls $0.04
rafaelgtzky: calls $0.04
Aguinaldo1711: calls $0.04
woody2185498: calls $0.04
*** FLOP *** [Td 2d 5c]
RykyBoby: checks 
princefrogz: checks 
rafaelgtzky: checks 
Aguinaldo1711: checks 
woody2185498: checks 
*** TURN *** [Td 2d 5c] [8c]
RykyBoby: checks 
princefrogz: checks 
rafaelgtzky: checks 
Aguinaldo1711: checks 
woody2185498: bets $0.35
RykyBoby: folds 
princefrogz: calls $0.35
rafaelgtzky: folds 
Aguinaldo1711: folds 
*** RIVER *** [Td 2d 5c 8c] [6c]
princefrogz: checks 
woody2185498: bets $0.17
princefrogz: calls $0.17
*** SHOW DOWN ***
woody2185498: shows [Qc 9c] (a flush, Queen high)
princefrogz: mucks hand 
woody2185498 collected $1.31 from pot
*** SUMMARY ***
Total pot $1.36 | Rake $0.05 
Board [Td 2d 5c 8c 6c]
Seat 1: woody2185498 showed [Qc 9c] and won ($1.31) with a flush, Queen high
Seat 2: gambitl1 (button) folded before Flop (didn't bet)
Seat 3: RykyBoby (small blind) folded on the Turn
Seat 4: perffect16 (big blind) folded before Flop
Seat 5: princefrogz mucked [Js Jh]
Seat 6: Dorex2007 folded before Flop (didn't bet)
Seat 7: CestLavie95 folded before Flop (didn't bet)
Seat 8: rafaelgtzky folded on the Turn
Seat 9: Aguinaldo1711 folded on the Turn



PokerStars Hand #236909509319:  Hold'em No Limit ($0.01/$0.02 USD) - 2022/06/21 19:53:35 PT [2022/06/21 22:53:35 ET]
Table 'Bianca' 9-max Seat #3 is the button
Seat 1: woody2185498 ($2.18 in chips) 
Seat 2: gambitl1 ($2.48 in chips) 
Seat 3: RykyBoby ($0.33 in chips) 
Seat 4: perffect16 ($2 in chips) 
Seat 5: princefrogz ($1.09 in chips) 
Seat 6: Dorex2007 ($2.69 in chips) 
Seat 7: CestLavie95 ($2.58 in chips) 
Seat 8: rafaelgtzky ($0.38 in chips) 
Seat 9: Aguinaldo1711 ($5.62 in chips) 
perffect16: posts small blind $0.01
princefrogz: posts big blind $0.02
*** HOLE CARDS ***
Dealt to Dorex2007 [Kc 5c]
Dorex2007: folds 
CestLavie95: raises $0.04 to $0.06
rafaelgtzky: calls $0.06
Aguinaldo1711: calls $0.06
woody2185498: folds 
gambitl1: calls $0.06
RykyBoby: folds 
perffect16: folds 
princefrogz: folds 
*** FLOP *** [6s 9s 9h]
CestLavie95: checks 
rafaelgtzky: bets $0.32 and is all-in
Aguinaldo1711: folds 
gambitl1: folds 
CestLavie95: calls $0.32
*** TURN *** [6s 9s 9h] [Jc]
*** RIVER *** [6s 9s 9h Jc] [6h]
*** SHOW DOWN ***
CestLavie95: shows [Ac Th] (two pair, Nines and Sixes)
rafaelgtzky: shows [8h 5h] (two pair, Nines and Sixes - lower kicker)
CestLavie95 collected $0.88 from pot
*** SUMMARY ***
Total pot $0.91 | Rake $0.03 
Board [6s 9s 9h Jc 6h]
Seat 1: woody2185498 folded before Flop (didn't bet)
Seat 2: gambitl1 folded on the Flop
Seat 3: RykyBoby (button) folded before Flop (didn't bet)
Seat 4: perffect16 (small blind) folded before Flop
Seat 5: princefrogz (big blind) folded before Flop
Seat 6: Dorex2007 folded before Flop (didn't bet)
Seat 7: CestLavie95 showed [Ac Th] and won ($0.88) with two pair, Nines and Sixes
Seat 8: rafaelgtzky showed [8h 5h] and lost with two pair, Nines and Sixes
Seat 9: Aguinaldo1711 folded on the Flop



PokerStars Hand #236909521027:  Hold'em No Limit ($0.01/$0.02 USD) - 2022/06/21 19:54:45 PT [2022/06/21 22:54:45 ET]
Table 'Bianca' 9-max Seat #4 is the button
Seat 1: woody2185498 ($2.18 in chips) 
Seat 2: gambitl1 ($2.42 in chips) 
Seat 3: RykyBoby ($0.33 in chips) 
Seat 4: perffect16 ($2 in chips) 
Seat 6: Dorex2007 ($2.69 in chips) 
Seat 7: CestLavie95 ($3.08 in chips) 
Seat 9: Aguinaldo1711 ($5.56 in chips) 
Dorex2007: posts small blind $0.01
CestLavie95: posts big blind $0.02
*** HOLE CARDS ***
Dealt to Dorex2007 [5s 8d]
Aguinaldo1711: calls $0.02
woody2185498: folds 
rafaelgtzky leaves the table
Ginnungagap7 joins the table at seat #8 
gambitl1: folds 
RykyBoby: calls $0.02
perffect16: folds 
Dorex2007: folds 
CestLavie95: checks 
*** FLOP *** [Qc Kc 4s]
CestLavie95: checks 
Aguinaldo1711: bets $0.04
RykyBoby: raises $0.15 to $0.19
CestLavie95: folds 
Aguinaldo1711: calls $0.15
*** TURN *** [Qc Kc 4s] [7h]
Aguinaldo1711: checks 
RykyBoby: bets $0.12 and is all-in
Aguinaldo1711: calls $0.12
*** RIVER *** [Qc Kc 4s 7h] [4c]
*** SHOW DOWN ***
Aguinaldo1711: shows [Ts Ah] (a pair of Fours)
RykyBoby: shows [4d Kd] (a full house, Fours full of Kings)
RykyBoby collected $0.67 from pot
*** SUMMARY ***
Total pot $0.69 | Rake $0.02 
Board [Qc Kc 4s 7h 4c]
Seat 1: woody2185498 folded before Flop (didn't bet)
Seat 2: gambitl1 folded before Flop (didn't bet)
Seat 3: RykyBoby showed [4d Kd] and won ($0.67) with a full house, Fours full of Kings
Seat 4: perffect16 (button) folded before Flop (didn't bet)
Seat 6: Dorex2007 (small blind) folded before Flop
Seat 7: CestLavie95 (big blind) folded on the Flop
Seat 9: Aguinaldo1711 showed [Ts Ah] and lost with a pair of Fours



PokerStars Hand #236909533425:  Hold'em No Limit ($0.01/$0.02 USD) - 2022/06/21 19:56:05 PT [2022/06/21 22:56:05 ET]
Table 'Bianca' 9-max Seat #6 is the button
Seat 1: woody2185498 ($2.18 in chips) 
Seat 2: gambitl1 ($2.42 in chips) 
Seat 3: RykyBoby ($0.67 in chips) 
Seat 4: perffect16 ($2 in chips) 
Seat 6: Dorex2007 ($2.68 in chips) 
Seat 7: CestLavie95 ($3.06 in chips) 
Seat 8: Ginnungagap7 ($0.80 in chips) 
Seat 9: Aguinaldo1711 ($5.23 in chips) 
CestLavie95: posts small blind $0.01
Ginnungagap7: posts big blind $0.02
*** HOLE CARDS ***
Dealt to Dorex2007 [6c Ts]
Aguinaldo1711: calls $0.02
woody2185498: folds 
gambitl1: folds 
RykyBoby: calls $0.02
perffect16 has timed out
perffect16: folds 
Dorex2007: folds 
CestLavie95: folds 
Ginnungagap7: checks 
*** FLOP *** [2c 7d Js]
Ginnungagap7: checks 
Aguinaldo1711: bets $0.04
RykyBoby: folds 
Ginnungagap7: folds 
Uncalled bet ($0.04) returned to Aguinaldo1711
Aguinaldo1711 collected $0.07 from pot
*** SUMMARY ***
Total pot $0.07 | Rake $0 
Board [2c 7d Js]
Seat 1: woody2185498 folded before Flop (didn't bet)
Seat 2: gambitl1 folded before Flop (didn't bet)
Seat 3: RykyBoby folded on the Flop
Seat 4: perffect16 folded before Flop (didn't bet)
Seat 6: Dorex2007 (button) folded before Flop (didn't bet)
Seat 7: CestLavie95 (small blind) folded before Flop
Seat 8: Ginnungagap7 (big blind) folded on the Flop
Seat 9: Aguinaldo1711 collected ($0.07)



PokerStars Hand #236909542936:  Hold'em No Limit ($0.01/$0.02 USD) - 2022/06/21 19:56:56 PT [2022/06/21 22:56:56 ET]
Table 'Bianca' 9-max Seat #7 is the button
Seat 1: woody2185498 ($2.18 in chips) 
Seat 2: gambitl1 ($2.42 in chips) 
Seat 3: RykyBoby ($0.65 in chips) 
Seat 4: perffect16 ($2 in chips) 
Seat 6: Dorex2007 ($2.68 in chips) 
Seat 7: CestLavie95 ($3.05 in chips) 
Seat 8: Ginnungagap7 ($0.78 in chips) 
Seat 9: Aguinaldo1711 ($5.28 in chips) 
Ginnungagap7: posts small blind $0.01
Aguinaldo1711: posts big blind $0.02
*** HOLE CARDS ***
Dealt to Dorex2007 [Jd 3d]
woody2185498: folds 
gambitl1: folds 
RykyBoby: calls $0.02
perffect16: folds 
Dorex2007: folds 
CestLavie95: folds 
Ginnungagap7: folds 
Aguinaldo1711: checks 
*** FLOP *** [Ah Jh 5d]
Aguinaldo1711: bets $0.02
RykyBoby: calls $0.02
*** TURN *** [Ah Jh 5d] [9s]
Aguinaldo1711: checks 
RykyBoby: bets $0.05
Aguinaldo1711: folds 
Uncalled bet ($0.05) returned to RykyBoby
RykyBoby collected $0.09 from pot
RykyBoby: doesn't show hand 
*** SUMMARY ***
Total pot $0.09 | Rake $0 
Board [Ah Jh 5d 9s]
Seat 1: woody2185498 folded before Flop (didn't bet)
Seat 2: gambitl1 folded before Flop (didn't bet)
Seat 3: RykyBoby collected ($0.09)
Seat 4: perffect16 folded before Flop (didn't bet)
Seat 6: Dorex2007 folded before Flop (didn't bet)
Seat 7: CestLavie95 (button) folded before Flop (didn't bet)
Seat 8: Ginnungagap7 (small blind) folded before Flop
Seat 9: Aguinaldo1711 (big blind) folded on the Turn



PokerStars Hand #236909550256:  Hold'em No Limit ($0.01/$0.02 USD) - 2022/06/21 19:57:47 PT [2022/06/21 22:57:47 ET]
Table 'Bianca' 9-max Seat #8 is the button
Seat 1: woody2185498 ($2.18 in chips) 
Seat 2: gambitl1 ($2.42 in chips) 
Seat 3: RykyBoby ($0.70 in chips) 
Seat 4: perffect16 ($2 in chips) 
Seat 6: Dorex2007 ($2.68 in chips) 
Seat 7: CestLavie95 ($3.05 in chips) 
Seat 8: Ginnungagap7 ($0.77 in chips) 
Seat 9: Aguinaldo1711 ($5.24 in chips) 
Aguinaldo1711: posts small blind $0.01
woody2185498: posts big blind $0.02
*** HOLE CARDS ***
Dealt to Dorex2007 [Qh 4s]
gambitl1: raises $0.04 to $0.06
RykyBoby: calls $0.06
perffect16: folds 
Dorex2007: folds 
CestLavie95: folds 
Ginnungagap7: raises $0.21 to $0.27
Aguinaldo1711: folds 
woody2185498: folds 
gambitl1: folds 
RykyBoby: folds 
Uncalled bet ($0.21) returned to Ginnungagap7
Ginnungagap7 collected $0.21 from pot
Ginnungagap7: doesn't show hand 
*** SUMMARY ***
Total pot $0.21 | Rake $0 
Seat 1: woody2185498 (big blind) folded before Flop
Seat 2: gambitl1 folded before Flop
Seat 3: RykyBoby folded before Flop
Seat 4: perffect16 folded before Flop (didn't bet)
Seat 6: Dorex2007 folded before Flop (didn't bet)
Seat 7: CestLavie95 folded before Flop (didn't bet)
Seat 8: Ginnungagap7 (button) collected ($0.21)
Seat 9: Aguinaldo1711 (small blind) folded before Flop



PokerStars Hand #236909557552:  Hold'em No Limit ($0.01/$0.02 USD) - 2022/06/21 19:58:39 PT [2022/06/21 22:58:39 ET]
Table 'Bianca' 9-max Seat #9 is the button
Seat 1: woody2185498 ($2.16 in chips) 
Seat 2: gambitl1 ($2.36 in chips) 
Seat 3: RykyBoby ($0.64 in chips) 
Seat 4: perffect16 ($2 in chips) 
Seat 6: Dorex2007 ($2.68 in chips) 
Seat 7: CestLavie95 ($3.05 in chips) 
Seat 8: Ginnungagap7 ($0.92 in chips) 
Seat 9: Aguinaldo1711 ($5.23 in chips) 
woody2185498: posts small blind $0.01
gambitl1: posts big blind $0.02
*** HOLE CARDS ***
Dealt to Dorex2007 [5c 3c]
RykyBoby: calls $0.02
perffect16: folds 
Dorex2007: folds 
CestLavie95: raises $0.07 to $0.09
Ginnungagap7: folds 
Aguinaldo1711: calls $0.09
woody2185498: folds 
gambitl1: folds 
RykyBoby: folds 
*** FLOP *** [8c Th Qc]
CestLavie95: bets $0.22
Aguinaldo1711: folds 
Uncalled bet ($0.22) returned to CestLavie95
CestLavie95 collected $0.22 from pot
CestLavie95: doesn't show hand 
*** SUMMARY ***
Total pot $0.23 | Rake $0.01 
Board [8c Th Qc]
Seat 1: woody2185498 (small blind) folded before Flop
Seat 2: gambitl1 (big blind) folded before Flop
Seat 3: RykyBoby folded before Flop
Seat 4: perffect16 folded before Flop (didn't bet)
Seat 6: Dorex2007 folded before Flop (didn't bet)
Seat 7: CestLavie95 collected ($0.22)
Seat 8: Ginnungagap7 folded before Flop (didn't bet)
Seat 9: Aguinaldo1711 (button) folded on the Flop



PokerStars Hand #236909565297:  Hold'em No Limit ($0.01/$0.02 USD) - 2022/06/21 19:59:35 PT [2022/06/21 22:59:35 ET]
Table 'Bianca' 9-max Seat #1 is the button
Seat 1: woody2185498 ($2.15 in chips) 
Seat 2: gambitl1 ($2.34 in chips) 
Seat 3: RykyBoby ($0.62 in chips) 
Seat 4: perffect16 ($2 in chips) 
Seat 6: Dorex2007 ($2.68 in chips) 
Seat 7: CestLavie95 ($3.18 in chips) 
Seat 8: Ginnungagap7 ($0.92 in chips) 
Seat 9: Aguinaldo1711 ($5.14 in chips) 
gambitl1: posts small blind $0.01
RykyBoby: posts big blind $0.02
*** HOLE CARDS ***
Dealt to Dorex2007 [Th 2d]
perffect16: folds 
Dorex2007: folds 
CestLavie95: folds 
Ginnungagap7: raises $0.04 to $0.06
Aguinaldo1711: calls $0.06
woody2185498: folds 
gambitl1: folds 
RykyBoby: calls $0.04
*** FLOP *** [Td Jd 2c]
RykyBoby: checks 
Ginnungagap7: checks 
gambitl1 leaves the table
Aguinaldo1711: bets $0.09
RykyBoby: folds 
Ginnungagap7: folds 
Uncalled bet ($0.09) returned to Aguinaldo1711
Aguinaldo1711 collected $0.18 from pot
*** SUMMARY ***
Total pot $0.19 | Rake $0.01 
Board [Td Jd 2c]
Seat 1: woody2185498 (button) folded before Flop (didn't bet)
Seat 2: gambitl1 (small blind) folded before Flop
Seat 3: RykyBoby (big blind) folded on the Flop
Seat 4: perffect16 folded before Flop (didn't bet)
Seat 6: Dorex2007 folded before Flop (didn't bet)
Seat 7: CestLavie95 folded before Flop (didn't bet)
Seat 8: Ginnungagap7 folded on the Flop
Seat 9: Aguinaldo1711 collected ($0.18)



PokerStars Hand #236909572074:  Hold'em No Limit ($0.01/$0.02 USD) - 2022/06/21 20:00:23 PT [2022/06/21 23:00:23 ET]
Table 'Bianca' 9-max Seat #3 is the button
Seat 1: woody2185498 ($2.15 in chips) 
Seat 3: RykyBoby ($0.56 in chips) 
Seat 4: perffect16 ($2 in chips) 
Seat 6: Dorex2007 ($2.68 in chips) 
Seat 7: CestLavie95 ($3.18 in chips) 
Seat 8: Ginnungagap7 ($0.86 in chips) 
Seat 9: Aguinaldo1711 ($5.26 in chips) 
perffect16: posts small blind $0.01
Dorex2007: posts big blind $0.02
*** HOLE CARDS ***
Dealt to Dorex2007 [Kh 3c]
CestLavie95: folds 
Ginnungagap7: folds 
Aguinaldo1711: calls $0.02
woody2185498 has timed out
woody2185498: folds 
RykyBoby: calls $0.02
perffect16: calls $0.01
Dorex2007: checks 
*** FLOP *** [6c 9d 4h]
perffect16: checks 
Dorex2007: checks 
Aguinaldo1711: bets $0.04
RykyBoby: calls $0.04
perffect16: folds 
Dorex2007: folds 
*** TURN *** [6c 9d 4h] [As]
Aguinaldo1711: bets $0.02
RykyBoby: raises $0.10 to $0.12
themarfs joins the table at seat #2 
Aguinaldo1711: folds 
Uncalled bet ($0.10) returned to RykyBoby
RykyBoby collected $0.19 from pot
RykyBoby: doesn't show hand 
*** SUMMARY ***
Total pot $0.20 | Rake $0.01 
Board [6c 9d 4h As]
Seat 1: woody2185498 folded before Flop (didn't bet)
Seat 3: RykyBoby (button) collected ($0.19)
Seat 4: perffect16 (small blind) folded on the Flop
Seat 6: Dorex2007 (big blind) folded on the Flop
Seat 7: CestLavie95 folded before Flop (didn't bet)
Seat 8: Ginnungagap7 folded before Flop (didn't bet)
Seat 9: Aguinaldo1711 folded on the Turn



PokerStars Hand #236909583581:  Hold'em No Limit ($0.01/$0.02 USD) - 2022/06/21 20:01:36 PT [2022/06/21 23:01:36 ET]
Table 'Bianca' 9-max Seat #4 is the button
Seat 1: woody2185498 ($2.15 in chips) 
Seat 3: RykyBoby ($0.67 in chips) 
Seat 4: perffect16 ($2 in chips) 
Seat 6: Dorex2007 ($2.66 in chips) 
Seat 7: CestLavie95 ($3.18 in chips) 
Seat 8: Ginnungagap7 ($0.86 in chips) 
Seat 9: Aguinaldo1711 ($5.18 in chips) 
Dorex2007: posts small blind $0.01
CestLavie95: posts big blind $0.02
themarfs: sits out 
*** HOLE CARDS ***
Dealt to Dorex2007 [3s Ks]
Ginnungagap7: folds 
Aguinaldo1711: calls $0.02
woody2185498 has timed out
woody2185498: folds 
RykyBoby: folds 
perffect16: calls $0.02
Dorex2007: calls $0.01
CestLavie95: checks 
*** FLOP *** [5s 7c 3d]
Dorex2007: checks 
CestLavie95: checks 
Aguinaldo1711: bets $0.08
perffect16: folds 
Dorex2007: folds 
CestLavie95: folds 
Uncalled bet ($0.08) returned to Aguinaldo1711
Aguinaldo1711 collected $0.08 from pot
*** SUMMARY ***
Total pot $0.08 | Rake $0 
Board [5s 7c 3d]
Seat 1: woody2185498 folded before Flop (didn't bet)
Seat 3: RykyBoby folded before Flop (didn't bet)
Seat 4: perffect16 (button) folded on the Flop
Seat 6: Dorex2007 (small blind) folded on the Flop
Seat 7: CestLavie95 (big blind) folded on the Flop
Seat 8: Ginnungagap7 folded before Flop (didn't bet)
Seat 9: Aguinaldo1711 collected ($0.08)



PokerStars Hand #236909590544:  Hold'em No Limit ($0.01/$0.02 USD) - 2022/06/21 20:02:21 PT [2022/06/21 23:02:21 ET]
Table 'Bianca' 9-max Seat #6 is the button
Seat 1: woody2185498 ($2.15 in chips) 
Seat 3: RykyBoby ($0.67 in chips) 
Seat 4: perffect16 ($2 in chips) 
Seat 6: Dorex2007 ($2.64 in chips) 
Seat 7: CestLavie95 ($3.16 in chips) 
Seat 8: Ginnungagap7 ($0.86 in chips) 
Seat 9: Aguinaldo1711 ($5.24 in chips) 
CestLavie95: posts small blind $0.01
Ginnungagap7: posts big blind $0.02
themarfs: sits out 
*** HOLE CARDS ***
Dealt to Dorex2007 [5h Ad]
Aguinaldo1711: calls $0.02
woody2185498: calls $0.02
RykyBoby: folds 
perffect16: calls $0.02
Dorex2007: calls $0.02
CestLavie95: calls $0.01
Ginnungagap7: checks 
*** FLOP *** [4s 8s As]
CestLavie95: bets $0.12
Ginnungagap7: calls $0.12
Aguinaldo1711: folds 
woody2185498: folds 
perffect16: folds 
Dorex2007: folds 
*** TURN *** [4s 8s As] [Kd]
CestLavie95: bets $0.15
Ginnungagap7: folds 
Uncalled bet ($0.15) returned to CestLavie95
CestLavie95 collected $0.35 from pot
CestLavie95: doesn't show hand 
*** SUMMARY ***
Total pot $0.36 | Rake $0.01 
Board [4s 8s As Kd]
Seat 1: woody2185498 folded on the Flop
Seat 3: RykyBoby folded before Flop (didn't bet)
Seat 4: perffect16 folded on the Flop
Seat 6: Dorex2007 (button) folded on the Flop
Seat 7: CestLavie95 (small blind) collected ($0.35)
Seat 8: Ginnungagap7 (big blind) folded on the Turn
Seat 9: Aguinaldo1711 folded on the Flop



PokerStars Hand #236909618910:  Hold'em No Limit ($0.01/$0.02 USD) - 2022/06/21 20:03:45 PT [2022/06/21 23:03:45 ET]
Table 'Bianca' 9-max Seat #7 is the button
Seat 1: woody2185498 ($2.13 in chips) 
Seat 3: RykyBoby ($0.67 in chips) 
Seat 4: perffect16 ($2 in chips) 
Seat 6: Dorex2007 ($2.62 in chips) 
Seat 7: CestLavie95 ($3.37 in chips) 
Seat 8: Ginnungagap7 ($1.86 in chips) 
Seat 9: Aguinaldo1711 ($5.22 in chips) 
Ginnungagap7: posts small blind $0.01
Aguinaldo1711: posts big blind $0.02
themarfs: sits out 
*** HOLE CARDS ***
Dealt to Dorex2007 [6h Ad]
woody2185498: calls $0.02
RykyBoby: raises $0.65 to $0.67 and is all-in
perffect16: folds 
Dorex2007: folds 
CestLavie95: folds 
Ginnungagap7: folds 
Aguinaldo1711: folds 
woody2185498: folds 
Uncalled bet ($0.65) returned to RykyBoby
RykyBoby collected $0.07 from pot
RykyBoby: doesn't show hand 
*** SUMMARY ***
Total pot $0.07 | Rake $0 
Seat 1: woody2185498 folded before Flop
Seat 3: RykyBoby collected ($0.07)
Seat 4: perffect16 folded before Flop (didn't bet)
Seat 6: Dorex2007 folded before Flop (didn't bet)
Seat 7: CestLavie95 (button) folded before Flop (didn't bet)
Seat 8: Ginnungagap7 (small blind) folded before Flop
Seat 9: Aguinaldo1711 (big blind) folded before Flop



PokerStars Hand #236909627086:  Hold'em No Limit ($0.01/$0.02 USD) - 2022/06/21 20:04:35 PT [2022/06/21 23:04:35 ET]
Table 'Bianca' 9-max Seat #8 is the button
Seat 1: woody2185498 ($2.11 in chips) 
Seat 3: RykyBoby ($0.72 in chips) 
Seat 4: perffect16 ($2 in chips) 
Seat 6: Dorex2007 ($2.62 in chips) 
Seat 8: Ginnungagap7 ($1.85 in chips) 
Seat 9: Aguinaldo1711 ($5.20 in chips) 
Aguinaldo1711: posts small blind $0.01
woody2185498: posts big blind $0.02
themarfs: sits out 
*** HOLE CARDS ***
Dealt to Dorex2007 [Td Ts]
RykyBoby: calls $0.02
perffect16: folds 
Dorex2007: raises $0.04 to $0.06
Ginnungagap7: folds 
Aguinaldo1711: calls $0.05
woody2185498: folds 
RykyBoby: calls $0.04
*** FLOP *** [4h 7d 4c]
princefrogz is disconnected 
Aguinaldo1711: bets $0.02
RykyBoby: calls $0.02
Dorex2007: raises $0.17 to $0.19
Aguinaldo1711: calls $0.17
RykyBoby: folds 
*** TURN *** [4h 7d 4c] [2h]
Aguinaldo1711: checks 
Dorex2007: bets $0.58
Aguinaldo1711: folds 
Uncalled bet ($0.58) returned to Dorex2007
Dorex2007 collected $0.58 from pot
Dorex2007: doesn't show hand 
*** SUMMARY ***
Total pot $0.60 | Rake $0.02 
Board [4h 7d 4c 2h]
Seat 1: woody2185498 (big blind) folded before Flop
Seat 3: RykyBoby folded on the Flop
Seat 4: perffect16 folded before Flop (didn't bet)
Seat 6: Dorex2007 collected ($0.58)
Seat 8: Ginnungagap7 (button) folded before Flop (didn't bet)
Seat 9: Aguinaldo1711 (small blind) folded on the Turn



PokerStars Hand #236909636865:  Hold'em No Limit ($0.01/$0.02 USD) - 2022/06/21 20:05:35 PT [2022/06/21 23:05:35 ET]
Table 'Bianca' 9-max Seat #9 is the button
Seat 1: woody2185498 ($2.09 in chips) 
Seat 2: themarfs ($2 in chips) 
Seat 3: RykyBoby ($0.64 in chips) 
Seat 4: perffect16 ($2 in chips) 
Seat 6: Dorex2007 ($2.95 in chips) 
Seat 7: CestLavie95 ($3.37 in chips) 
Seat 8: Ginnungagap7 ($1.85 in chips) 
Seat 9: Aguinaldo1711 ($4.95 in chips) 
woody2185498: posts small blind $0.01
themarfs: posts big blind $0.02
*** HOLE CARDS ***
Dealt to Dorex2007 [Qd 6s]
RykyBoby: raises $0.04 to $0.06
perffect16: raises $0.04 to $0.10
Dorex2007: folds 
CestLavie95: folds 
Ginnungagap7: folds 
Aguinaldo1711: calls $0.10
woody2185498: folds 
themarfs: calls $0.08
RykyBoby: calls $0.04
*** FLOP *** [7d 9s Qc]
themarfs: checks 
RykyBoby: checks 
perffect16: bets $0.20
Aguinaldo1711: folds 
themarfs: folds 
RykyBoby: folds 
Uncalled bet ($0.20) returned to perffect16
perffect16 collected $0.40 from pot
perffect16: doesn't show hand 
*** SUMMARY ***
Total pot $0.41 | Rake $0.01 
Board [7d 9s Qc]
Seat 1: woody2185498 (small blind) folded before Flop
Seat 2: themarfs (big blind) folded on the Flop
Seat 3: RykyBoby folded on the Flop
Seat 4: perffect16 collected ($0.40)
Seat 6: Dorex2007 folded before Flop (didn't bet)
Seat 7: CestLavie95 folded before Flop (didn't bet)
Seat 8: Ginnungagap7 folded before Flop (didn't bet)
Seat 9: Aguinaldo1711 (button) folded on the Flop



PokerStars Hand #236909647890:  Hold'em No Limit ($0.01/$0.02 USD) - 2022/06/21 20:06:42 PT [2022/06/21 23:06:42 ET]
Table 'Bianca' 9-max Seat #1 is the button
Seat 1: woody2185498 ($2.08 in chips) 
Seat 2: themarfs ($2 in chips) 
Seat 3: RykyBoby ($0.54 in chips) 
Seat 4: perffect16 ($2.30 in chips) 
Seat 6: Dorex2007 ($2.95 in chips) 
Seat 7: CestLavie95 ($3.37 in chips) 
Seat 8: Ginnungagap7 ($1.85 in chips) 
Seat 9: Aguinaldo1711 ($4.85 in chips) 
themarfs: posts small blind $0.01
RykyBoby: posts big blind $0.02
*** HOLE CARDS ***
Dealt to Dorex2007 [9c 3d]
perffect16: folds 
Dorex2007: folds 
CestLavie95: folds 
Ginnungagap7: folds 
Aguinaldo1711: calls $0.02
woody2185498: calls $0.02
themarfs: calls $0.01
RykyBoby: checks 
*** FLOP *** [7d 7s 8h]
themarfs: checks 
RykyBoby: checks 
Aguinaldo1711: bets $0.02
woody2185498: calls $0.02
themarfs: folds 
RykyBoby: calls $0.02
*** TURN *** [7d 7s 8h] [As]
RykyBoby: bets $0.07
Aguinaldo1711: folds 
woody2185498: raises $0.13 to $0.20
RykyBoby: calls $0.13
*** RIVER *** [7d 7s 8h As] [6c]
RykyBoby: checks 
woody2185498: bets $0.10
RykyBoby: calls $0.10
*** SHOW DOWN ***
woody2185498: shows [7h Ts] (three of a kind, Sevens)
RykyBoby: mucks hand 
woody2185498 collected $0.71 from pot
*** SUMMARY ***
Total pot $0.74 | Rake $0.03 
Board [7d 7s 8h As 6c]
Seat 1: woody2185498 (button) showed [7h Ts] and won ($0.71) with three of a kind, Sevens
Seat 2: themarfs (small blind) folded on the Flop
Seat 3: RykyBoby (big blind) mucked [Ac 4h]
Seat 4: perffect16 folded before Flop (didn't bet)
Seat 6: Dorex2007 folded before Flop (didn't bet)
Seat 7: CestLavie95 folded before Flop (didn't bet)
Seat 8: Ginnungagap7 folded before Flop (didn't bet)
Seat 9: Aguinaldo1711 folded on the Turn



PokerStars Hand #236909666639:  Hold'em No Limit ($0.01/$0.02 USD) - 2022/06/21 20:08:37 PT [2022/06/21 23:08:37 ET]
Table 'Bianca' 9-max Seat #2 is the button
Seat 1: woody2185498 ($2.45 in chips) 
Seat 2: themarfs ($2 in chips) 
Seat 3: RykyBoby ($0.20 in chips) 
Seat 4: perffect16 ($2.30 in chips) 
Seat 6: Dorex2007 ($2.95 in chips) 
Seat 7: CestLavie95 ($3.37 in chips) 
Seat 8: Ginnungagap7 ($1.85 in chips) 
Seat 9: Aguinaldo1711 ($4.81 in chips) 
RykyBoby: posts small blind $0.01
perffect16: posts big blind $0.02
*** HOLE CARDS ***
Dealt to Dorex2007 [4d 9h]
Dorex2007: folds 
CestLavie95: folds 
Ginnungagap7: raises $0.04 to $0.06
Aguinaldo1711: calls $0.06
woody2185498: folds 
themarfs: folds 
RykyBoby: raises $0.14 to $0.20 and is all-in
perffect16: folds 
Ginnungagap7: raises $0.20 to $0.40
Aguinaldo1711: folds 
Uncalled bet ($0.20) returned to Ginnungagap7
*** FLOP *** [8s 3s 2s]
*** TURN *** [8s 3s 2s] [2h]
*** RIVER *** [8s 3s 2s 2h] [4h]
*** SHOW DOWN ***
RykyBoby: shows [As 7s] (a flush, Ace high)
Ginnungagap7: shows [8d 8h] (a full house, Eights full of Deuces)
Ginnungagap7 collected $0.46 from pot
*** SUMMARY ***
Total pot $0.48 | Rake $0.02 
Board [8s 3s 2s 2h 4h]
Seat 1: woody2185498 folded before Flop (didn't bet)
Seat 2: themarfs (button) folded before Flop (didn't bet)
Seat 3: RykyBoby (small blind) showed [As 7s] and lost with a flush, Ace high
Seat 4: perffect16 (big blind) folded before Flop
Seat 6: Dorex2007 folded before Flop (didn't bet)
Seat 7: CestLavie95 folded before Flop (didn't bet)
Seat 8: Ginnungagap7 showed [8d 8h] and won ($0.46) with a full house, Eights full of Deuces
Seat 9: Aguinaldo1711 folded before Flop



PokerStars Hand #236909675949:  Hold'em No Limit ($0.01/$0.02 USD) - 2022/06/21 20:09:35 PT [2022/06/21 23:09:35 ET]
Table 'Bianca' 9-max Seat #4 is the button
Seat 1: woody2185498 ($2.45 in chips) 
Seat 2: themarfs ($2 in chips) 
Seat 4: perffect16 ($2.28 in chips) 
Seat 6: Dorex2007 ($2.95 in chips) 
Seat 7: CestLavie95 ($3.37 in chips) 
Seat 8: Ginnungagap7 ($2.11 in chips) 
Seat 9: Aguinaldo1711 ($4.75 in chips) 
Dorex2007: posts small blind $0.01
CestLavie95: posts big blind $0.02
*** HOLE CARDS ***
Dealt to Dorex2007 [9c Jh]
Ginnungagap7: folds 
Aguinaldo1711: calls $0.02
woody2185498: folds 
themarfs: folds 
RykyBoby leaves the table
perffect16: calls $0.02
Dorex2007: folds 
CestLavie95: checks 
*** FLOP *** [Ts 3h Ad]
CestLavie95: checks 
Aguinaldo1711: bets $0.02
perffect16: folds 
CestLavie95: folds 
Uncalled bet ($0.02) returned to Aguinaldo1711
Aguinaldo1711 collected $0.07 from pot
*** SUMMARY ***
Total pot $0.07 | Rake $0 
Board [Ts 3h Ad]
Seat 1: woody2185498 folded before Flop (didn't bet)
Seat 2: themarfs folded before Flop (didn't bet)
Seat 4: perffect16 (button) folded on the Flop
Seat 6: Dorex2007 (small blind) folded before Flop
Seat 7: CestLavie95 (big blind) folded on the Flop
Seat 8: Ginnungagap7 folded before Flop (didn't bet)
Seat 9: Aguinaldo1711 collected ($0.07)



PokerStars Hand #236909682803:  Hold'em No Limit ($0.01/$0.02 USD) - 2022/06/21 20:10:17 PT [2022/06/21 23:10:17 ET]
Table 'Bianca' 9-max Seat #6 is the button
Seat 1: woody2185498 ($2.45 in chips) 
Seat 2: themarfs ($2 in chips) 
Seat 4: perffect16 ($2.26 in chips) 
Seat 6: Dorex2007 ($2.94 in chips) 
Seat 7: CestLavie95 ($3.35 in chips) 
Seat 8: Ginnungagap7 ($2.11 in chips) 
Seat 9: Aguinaldo1711 ($4.80 in chips) 
CestLavie95: posts small blind $0.01
Ginnungagap7: posts big blind $0.02
*** HOLE CARDS ***
Dealt to Dorex2007 [5s 8d]
Aguinaldo1711: calls $0.02
woody2185498: raises $0.04 to $0.06
themarfs: folds 
perffect16: folds 
Dorex2007: folds 
CestLavie95: folds 
Ginnungagap7: folds 
Aguinaldo1711: calls $0.04
*** FLOP *** [Ah Kh Th]
Aguinaldo1711: checks 
woody2185498: bets $0.14
Aguinaldo1711: folds 
Uncalled bet ($0.14) returned to woody2185498
woody2185498 collected $0.14 from pot
woody2185498: doesn't show hand 
*** SUMMARY ***
Total pot $0.15 | Rake $0.01 
Board [Ah Kh Th]
Seat 1: woody2185498 collected ($0.14)
Seat 2: themarfs folded before Flop (didn't bet)
Seat 4: perffect16 folded before Flop (didn't bet)
Seat 6: Dorex2007 (button) folded before Flop (didn't bet)
Seat 7: CestLavie95 (small blind) folded before Flop
Seat 8: Ginnungagap7 (big blind) folded before Flop
Seat 9: Aguinaldo1711 folded on the Flop



PokerStars Hand #236909688478:  Hold'em No Limit ($0.01/$0.02 USD) - 2022/06/21 20:10:52 PT [2022/06/21 23:10:52 ET]
Table 'Bianca' 9-max Seat #7 is the button
Seat 1: woody2185498 ($2.53 in chips) 
Seat 2: themarfs ($2 in chips) 
Seat 4: perffect16 ($2.26 in chips) 
Seat 6: Dorex2007 ($2.94 in chips) 
Seat 7: CestLavie95 ($3.34 in chips) 
Seat 8: Ginnungagap7 ($2.09 in chips) 
Seat 9: Aguinaldo1711 ($4.74 in chips) 
Ginnungagap7: posts small blind $0.01
Aguinaldo1711: posts big blind $0.02
*** HOLE CARDS ***
Dealt to Dorex2007 [Js 9c]
woody2185498: folds 
themarfs: raises $0.04 to $0.06
perffect16: folds 
Dorex2007: folds 
CestLavie95: folds 
woody2185498 leaves the table
Ginnungagap7: folds 
Aguinaldo1711: calls $0.04
*** FLOP *** [9h Jh Ah]
Aguinaldo1711: checks 
themarfs: checks 
*** TURN *** [9h Jh Ah] [Kd]
Aguinaldo1711: checks 
themarfs: checks 
*** RIVER *** [9h Jh Ah Kd] [2c]
Aguinaldo1711: checks 
themarfs: checks 
*** SHOW DOWN ***
Aguinaldo1711: shows [3c 6c] (high card Ace)
themarfs: shows [4c 4d] (a pair of Fours)
themarfs collected $0.13 from pot
*** SUMMARY ***
Total pot $0.13 | Rake $0 
Board [9h Jh Ah Kd 2c]
Seat 1: woody2185498 folded before Flop (didn't bet)
Seat 2: themarfs showed [4c 4d] and won ($0.13) with a pair of Fours
Seat 4: perffect16 folded before Flop (didn't bet)
Seat 6: Dorex2007 folded before Flop (didn't bet)
Seat 7: CestLavie95 (button) folded before Flop (didn't bet)
Seat 8: Ginnungagap7 (small blind) folded before Flop
Seat 9: Aguinaldo1711 (big blind) showed [3c 6c] and lost with high card Ace



PokerStars Hand #236909697680:  Hold'em No Limit ($0.01/$0.02 USD) - 2022/06/21 20:11:50 PT [2022/06/21 23:11:50 ET]
Table 'Bianca' 9-max Seat #8 is the button
Seat 2: themarfs ($2.07 in chips) 
Seat 4: perffect16 ($2.26 in chips) 
Seat 6: Dorex2007 ($2.94 in chips) 
Seat 7: CestLavie95 ($3.34 in chips) 
Seat 8: Ginnungagap7 ($2.08 in chips) 
Seat 9: Aguinaldo1711 ($4.68 in chips) 
Aguinaldo1711: posts small blind $0.01
themarfs: posts big blind $0.02
*** HOLE CARDS ***
Dealt to Dorex2007 [8c Th]
perffect16: folds 
Dorex2007: folds 
CestLavie95: folds 
Ginnungagap7: folds 
Aguinaldo1711: calls $0.01
themarfs: checks 
*** FLOP *** [6s Jd 8h]
Alves6776 joins the table at seat #3 
Aguinaldo1711: checks 
themarfs: checks 
*** TURN *** [6s Jd 8h] [Td]
Aguinaldo1711: checks 
themarfs: checks 
*** RIVER *** [6s Jd 8h Td] [2s]
Aguinaldo1711: checks 
themarfs: checks 
*** SHOW DOWN ***
Aguinaldo1711: shows [5h 3d] (high card Jack)
themarfs: shows [As 9c] (high card Ace)
themarfs collected $0.04 from pot
*** SUMMARY ***
Total pot $0.04 | Rake $0 
Board [6s Jd 8h Td 2s]
Seat 2: themarfs (big blind) showed [As 9c] and won ($0.04) with high card Ace
Seat 4: perffect16 folded before Flop (didn't bet)
Seat 6: Dorex2007 folded before Flop (didn't bet)
Seat 7: CestLavie95 folded before Flop (didn't bet)
Seat 8: Ginnungagap7 (button) folded before Flop (didn't bet)
Seat 9: Aguinaldo1711 (small blind) showed [5h 3d] and lost with high card Jack



PokerStars Hand #236909704521:  Hold'em No Limit ($0.01/$0.02 USD) - 2022/06/21 20:12:33 PT [2022/06/21 23:12:33 ET]
Table 'Bianca' 9-max Seat #9 is the button
Seat 2: themarfs ($2.09 in chips) 
Seat 3: Alves6776 ($0.80 in chips) 
Seat 4: perffect16 ($2.26 in chips) 
Seat 6: Dorex2007 ($2.94 in chips) 
Seat 7: CestLavie95 ($3.34 in chips) 
Seat 8: Ginnungagap7 ($2.08 in chips) 
Seat 9: Aguinaldo1711 ($4.66 in chips) 
themarfs: posts small blind $0.01
Alves6776: posts big blind $0.02
*** HOLE CARDS ***
Dealt to Dorex2007 [Ah Ts]
riddick697 joins the table at seat #1 
perffect16: calls $0.02
Dorex2007: calls $0.02
CestLavie95: folds 
Ginnungagap7: folds 
Aguinaldo1711: calls $0.02
themarfs: folds 
Alves6776: checks 
*** FLOP *** [Th 9s Qd]
Alves6776: checks 
perffect16: checks 
Dorex2007: checks 
Aguinaldo1711: checks 
*** TURN *** [Th 9s Qd] [5c]
Alves6776: bets $0.02
perffect16: folds 
Dorex2007: calls $0.02
Aguinaldo1711: folds 
*** RIVER *** [Th 9s Qd 5c] [6c]
Alves6776: bets $0.04
Dorex2007: folds 
Uncalled bet ($0.04) returned to Alves6776
Alves6776 collected $0.13 from pot
*** SUMMARY ***
Total pot $0.13 | Rake $0 
Board [Th 9s Qd 5c 6c]
Seat 2: themarfs (small blind) folded before Flop
Seat 3: Alves6776 (big blind) collected ($0.13)
Seat 4: perffect16 folded on the Turn
Seat 6: Dorex2007 folded on the River
Seat 7: CestLavie95 folded before Flop (didn't bet)
Seat 8: Ginnungagap7 folded before Flop (didn't bet)
Seat 9: Aguinaldo1711 (button) folded on the Turn



PokerStars Hand #236909716732:  Hold'em No Limit ($0.01/$0.02 USD) - 2022/06/21 20:13:51 PT [2022/06/21 23:13:51 ET]
Table 'Bianca' 9-max Seat #2 is the button
Seat 1: riddick697 ($0.80 in chips) 
Seat 2: themarfs ($2.08 in chips) 
Seat 3: Alves6776 ($0.89 in chips) 
Seat 4: perffect16 ($2.24 in chips) 
Seat 6: Dorex2007 ($2.90 in chips) 
Seat 7: CestLavie95 ($3.34 in chips) 
Seat 8: Ginnungagap7 ($2.08 in chips) 
Seat 9: Aguinaldo1711 ($4.64 in chips) 
Alves6776: posts small blind $0.01
perffect16: posts big blind $0.02
riddick697: posts big blind $0.02
*** HOLE CARDS ***
Dealt to Dorex2007 [3h Td]
Dorex2007: folds 
CestLavie95: folds 
Ginnungagap7: folds 
Aguinaldo1711: calls $0.02
riddick697 has timed out
riddick697: checks 
themarfs: calls $0.02
Alves6776: calls $0.01
perffect16: checks 
*** FLOP *** [Js 6d Ts]
Alves6776: checks 
perffect16: checks 
Aguinaldo1711: checks 
princefrogz leaves the table
riddick697: bets $0.02
themarfs: folds 
Alves6776: calls $0.02
perffect16: folds 
Aguinaldo1711: folds 
*** TURN *** [Js 6d Ts] [6s]
Alves6776: checks 
riddick697: bets $0.02
Alves6776: folds 
Uncalled bet ($0.02) returned to riddick697
riddick697 collected $0.14 from pot
riddick697: doesn't show hand 
*** SUMMARY ***
Total pot $0.14 | Rake $0 
Board [Js 6d Ts 6s]
Seat 1: riddick697 collected ($0.14)
Seat 2: themarfs (button) folded on the Flop
Seat 3: Alves6776 (small blind) folded on the Turn
Seat 4: perffect16 (big blind) folded on the Flop
Seat 6: Dorex2007 folded before Flop (didn't bet)
Seat 7: CestLavie95 folded before Flop (didn't bet)
Seat 8: Ginnungagap7 folded before Flop (didn't bet)
Seat 9: Aguinaldo1711 folded on the Flop



PokerStars Hand #236909735332:  Hold'em No Limit ($0.01/$0.02 USD) - 2022/06/21 20:15:50 PT [2022/06/21 23:15:50 ET]
Table 'Bianca' 9-max Seat #3 is the button
Seat 1: riddick697 ($0.90 in chips) 
Seat 2: themarfs ($2.06 in chips) 
Seat 3: Alves6776 ($0.85 in chips) 
Seat 4: perffect16 ($2.22 in chips) 
Seat 6: Dorex2007 ($2.90 in chips) 
Seat 7: CestLavie95 ($3.34 in chips) 
Seat 8: Ginnungagap7 ($2.08 in chips) 
Seat 9: Aguinaldo1711 ($4.62 in chips) 
perffect16: posts small blind $0.01
Dorex2007: posts big blind $0.02
*** HOLE CARDS ***
Dealt to Dorex2007 [Qd 7c]
CestLavie95: folds 
Ginnungagap7: folds 
Aguinaldo1711: calls $0.02
riddick697: folds 
themarfs: folds 
Alves6776: calls $0.02
perffect16: calls $0.01
Dorex2007: checks 
*** FLOP *** [Jh Ts 4d]
perffect16: checks 
Dorex2007: checks 
Aguinaldo1711: checks 
Alves6776: bets $0.02
Aeroklin joins the table at seat #5 
perffect16: folds 
Dorex2007: folds 
Aguinaldo1711: calls $0.02
*** TURN *** [Jh Ts 4d] [3d]
Aguinaldo1711: checks 
Alves6776: bets $0.08
Aguinaldo1711: calls $0.08
*** RIVER *** [Jh Ts 4d 3d] [6s]
Aguinaldo1711: checks 
Alves6776: bets $0.12
Aguinaldo1711: folds 
Uncalled bet ($0.12) returned to Alves6776
Alves6776 collected $0.27 from pot
*** SUMMARY ***
Total pot $0.28 | Rake $0.01 
Board [Jh Ts 4d 3d 6s]
Seat 1: riddick697 folded before Flop (didn't bet)
Seat 2: themarfs folded before Flop (didn't bet)
Seat 3: Alves6776 (button) collected ($0.27)
Seat 4: perffect16 (small blind) folded on the Flop
Seat 6: Dorex2007 (big blind) folded on the Flop
Seat 7: CestLavie95 folded before Flop (didn't bet)
Seat 8: Ginnungagap7 folded before Flop (didn't bet)
Seat 9: Aguinaldo1711 folded on the River



PokerStars Hand #236909751575:  Hold'em No Limit ($0.01/$0.02 USD) - 2022/06/21 20:17:33 PT [2022/06/21 23:17:33 ET]
Table 'Bianca' 9-max Seat #4 is the button
Seat 1: riddick697 ($0.90 in chips) 
Seat 2: themarfs ($2.06 in chips) 
Seat 3: Alves6776 ($1 in chips) 
Seat 4: perffect16 ($2.20 in chips) 
Seat 6: Dorex2007 ($2.88 in chips) 
Seat 7: CestLavie95 ($3.34 in chips) 
Seat 8: Ginnungagap7 ($2.08 in chips) 
Seat 9: Aguinaldo1711 ($4.50 in chips) 
Dorex2007: posts small blind $0.01
CestLavie95: posts big blind $0.02
*** HOLE CARDS ***
Dealt to Dorex2007 [Kd 7d]
Ginnungagap7: folds 
Aguinaldo1711: calls $0.02
riddick697: folds 
themarfs: folds 
Aeroklin leaves the table
Alves6776: calls $0.02
perffect16: calls $0.02
Dorex2007: calls $0.01
CestLavie95: checks 
*** FLOP *** [9s 2h 6h]
Dorex2007: checks 
CestLavie95: checks 
Aguinaldo1711: checks 
Alves6776: checks 
perffect16: checks 
*** TURN *** [9s 2h 6h] [9d]
Dorex2007: checks 
CestLavie95: checks 
Aguinaldo1711: checks 
Alves6776: bets $0.02
perffect16: folds 
Dorex2007: folds 
CestLavie95: folds 
Aguinaldo1711: folds 
Uncalled bet ($0.02) returned to Alves6776
Alves6776 collected $0.10 from pot
*** SUMMARY ***
Total pot $0.10 | Rake $0 
Board [9s 2h 6h 9d]
Seat 1: riddick697 folded before Flop (didn't bet)
Seat 2: themarfs folded before Flop (didn't bet)
Seat 3: Alves6776 collected ($0.10)
Seat 4: perffect16 (button) folded on the Turn
Seat 6: Dorex2007 (small blind) folded on the Turn
Seat 7: CestLavie95 (big blind) folded on the Turn
Seat 8: Ginnungagap7 folded before Flop (didn't bet)
Seat 9: Aguinaldo1711 folded on the Turn



PokerStars Hand #236909763154:  Hold'em No Limit ($0.01/$0.02 USD) - 2022/06/21 20:18:47 PT [2022/06/21 23:18:47 ET]
Table 'Bianca' 9-max Seat #6 is the button
Seat 1: riddick697 ($0.90 in chips) 
Seat 2: themarfs ($2.06 in chips) 
Seat 3: Alves6776 ($1.08 in chips) 
Seat 4: perffect16 ($2.18 in chips) 
Seat 6: Dorex2007 ($2.86 in chips) 
Seat 7: CestLavie95 ($3.32 in chips) 
Seat 8: Ginnungagap7 ($2.08 in chips) 
Seat 9: Aguinaldo1711 ($4.48 in chips) 
CestLavie95: posts small blind $0.01
Ginnungagap7: posts big blind $0.02
*** HOLE CARDS ***
Dealt to Dorex2007 [8d 6c]
Aguinaldo1711: calls $0.02
riddick697: folds 
themarfs: folds 
Alves6776: folds 
Alves6776 leaves the table
perffect16: raises $0.04 to $0.06
Dorex2007: folds 
CestLavie95: raises $0.04 to $0.10
Ginnungagap7: folds 
Ahlemaun joins the table at seat #5 
Aguinaldo1711: folds 
perffect16: calls $0.04
*** FLOP *** [Ah Ad 4h]
CestLavie95: checks 
perffect16: checks 
*** TURN *** [Ah Ad 4h] [Th]
CestLavie95: bets $0.23
perffect16: folds 
Uncalled bet ($0.23) returned to CestLavie95
CestLavie95 collected $0.23 from pot
CestLavie95: doesn't show hand 
*** SUMMARY ***
Total pot $0.24 | Rake $0.01 
Board [Ah Ad 4h Th]
Seat 1: riddick697 folded before Flop (didn't bet)
Seat 2: themarfs folded before Flop (didn't bet)
Seat 3: Alves6776 folded before Flop (didn't bet)
Seat 4: perffect16 folded on the Turn
Seat 6: Dorex2007 (button) folded before Flop (didn't bet)
Seat 7: CestLavie95 (small blind) collected ($0.23)
Seat 8: Ginnungagap7 (big blind) folded before Flop
Seat 9: Aguinaldo1711 folded before Flop



PokerStars Hand #236909773285:  Hold'em No Limit ($0.01/$0.02 USD) - 2022/06/21 20:19:50 PT [2022/06/21 23:19:50 ET]
Table 'Bianca' 9-max Seat #7 is the button
Seat 1: riddick697 ($0.90 in chips) 
Seat 2: themarfs ($2.06 in chips) 
Seat 4: perffect16 ($2.08 in chips) 
Seat 6: Dorex2007 ($2.86 in chips) 
Seat 7: CestLavie95 ($3.45 in chips) 
Seat 8: Ginnungagap7 ($2.06 in chips) 
Seat 9: Aguinaldo1711 ($4.46 in chips) 
Ginnungagap7: posts small blind $0.01
Aguinaldo1711: posts big blind $0.02
Ahlemaun: sits out 
*** HOLE CARDS ***
Dealt to Dorex2007 [9c Ks]
riddick697: calls $0.02
themarfs: folds 
perffect16: raises $0.07 to $0.09
Dorex2007: folds 
CestLavie95: calls $0.09
Ginnungagap7: folds 
Aguinaldo1711: calls $0.07
riddick697: calls $0.07
*** FLOP *** [2d Qh 4d]
Aguinaldo1711: checks 
riddick697: checks 
Canguru19 joins the table at seat #3 
perffect16: bets $0.18
CestLavie95: folds 
Aguinaldo1711: folds 
riddick697: folds 
Uncalled bet ($0.18) returned to perffect16
perffect16 collected $0.36 from pot
perffect16: doesn't show hand 
*** SUMMARY ***
Total pot $0.37 | Rake $0.01 
Board [2d Qh 4d]
Seat 1: riddick697 folded on the Flop
Seat 2: themarfs folded before Flop (didn't bet)
Seat 4: perffect16 collected ($0.36)
Seat 6: Dorex2007 folded before Flop (didn't bet)
Seat 7: CestLavie95 (button) folded on the Flop
Seat 8: Ginnungagap7 (small blind) folded before Flop
Seat 9: Aguinaldo1711 (big blind) folded on the Flop



PokerStars Hand #236909787559:  Hold'em No Limit ($0.01/$0.02 USD) - 2022/06/21 20:21:21 PT [2022/06/21 23:21:21 ET]
Table 'Bianca' 9-max Seat #8 is the button
Seat 1: riddick697 ($0.81 in chips) 
Seat 2: themarfs ($2.06 in chips) 
Seat 3: Canguru19 ($1.60 in chips) 
Seat 4: perffect16 ($2.35 in chips) 
Seat 6: Dorex2007 ($2.86 in chips) 
Seat 7: CestLavie95 ($3.36 in chips) 
Seat 8: Ginnungagap7 ($2.05 in chips) 
Seat 9: Aguinaldo1711 ($4.37 in chips) 
Aguinaldo1711: posts small blind $0.01
riddick697: posts big blind $0.02
Canguru19: posts big blind $0.02
Ahlemaun: sits out 
*** HOLE CARDS ***
Dealt to Dorex2007 [5d 7s]
themarfs: folds 
Canguru19: checks 
perffect16: folds 
Dorex2007: folds 
CestLavie95: folds 
Ginnungagap7: raises $0.04 to $0.06
Aguinaldo1711: calls $0.05
riddick697: calls $0.04
Canguru19: calls $0.04
*** FLOP *** [9s 8d 3h]
Aguinaldo1711: bets $0.02
riddick697: calls $0.02
Canguru19: calls $0.02
Ginnungagap7: calls $0.02
*** TURN *** [9s 8d 3h] [4c]
Aguinaldo1711: bets $0.02
riddick697: calls $0.02
Canguru19: calls $0.02
Ginnungagap7: folds 
*** RIVER *** [9s 8d 3h 4c] [7c]
Aguinaldo1711: bets $0.37
riddick697: folds 
Canguru19: folds 
Uncalled bet ($0.37) returned to Aguinaldo1711
Aguinaldo1711 collected $0.37 from pot
*** SUMMARY ***
Total pot $0.38 | Rake $0.01 
Board [9s 8d 3h 4c 7c]
Seat 1: riddick697 (big blind) folded on the River
Seat 2: themarfs folded before Flop (didn't bet)
Seat 3: Canguru19 folded on the River
Seat 4: perffect16 folded before Flop (didn't bet)
Seat 6: Dorex2007 folded before Flop (didn't bet)
Seat 7: CestLavie95 folded before Flop (didn't bet)
Seat 8: Ginnungagap7 (button) folded on the Turn
Seat 9: Aguinaldo1711 (small blind) collected ($0.37)



PokerStars Hand #236909802752:  Hold'em No Limit ($0.01/$0.02 USD) - 2022/06/21 20:22:59 PT [2022/06/21 23:22:59 ET]
Table 'Bianca' 9-max Seat #9 is the button
Seat 1: riddick697 ($0.71 in chips) 
Seat 2: themarfs ($2.06 in chips) 
Seat 3: Canguru19 ($1.50 in chips) 
Seat 4: perffect16 ($2.35 in chips) 
Seat 6: Dorex2007 ($2.86 in chips) 
Seat 7: CestLavie95 ($3.36 in chips) 
Seat 8: Ginnungagap7 ($1.97 in chips) 
Seat 9: Aguinaldo1711 ($4.64 in chips) 
riddick697: posts small blind $0.01
themarfs: posts big blind $0.02
Ahlemaun: sits out 
*** HOLE CARDS ***
Dealt to Dorex2007 [Js 9s]
Canguru19: folds 
perffect16: calls $0.02
Dorex2007: calls $0.02
CestLavie95: raises $0.04 to $0.06
Ginnungagap7: folds 
Aguinaldo1711: calls $0.06
riddick697: folds 
themarfs: folds 
perffect16: folds 
Dorex2007: calls $0.04
*** FLOP *** [As Ks Kh]
Dorex2007: checks 
CestLavie95: bets $0.06
Aguinaldo1711: calls $0.06
Dorex2007: calls $0.06
*** TURN *** [As Ks Kh] [Tc]
Dorex2007: checks 
CestLavie95: checks 
Aguinaldo1711: bets $0.02
Dorex2007: calls $0.02
CestLavie95: calls $0.02
*** RIVER *** [As Ks Kh Tc] [6s]
Dorex2007: bets $0.23
CestLavie95: folds 
Aguinaldo1711: raises $0.23 to $0.46
Dorex2007: calls $0.23
*** SHOW DOWN ***
Aguinaldo1711: shows [Qs Jd] (a straight, Ten to Ace)
Dorex2007: shows [Js 9s] (a flush, Ace high)
Dorex2007 collected $1.34 from pot
*** SUMMARY ***
Total pot $1.39 | Rake $0.05 
Board [As Ks Kh Tc 6s]
Seat 1: riddick697 (small blind) folded before Flop
Seat 2: themarfs (big blind) folded before Flop
Seat 3: Canguru19 folded before Flop (didn't bet)
Seat 4: perffect16 folded before Flop
Seat 6: Dorex2007 showed [Js 9s] and won ($1.34) with a flush, Ace high
Seat 7: CestLavie95 folded on the River
Seat 8: Ginnungagap7 folded before Flop (didn't bet)
Seat 9: Aguinaldo1711 (button) showed [Qs Jd] and lost with a straight, Ten to Ace



PokerStars Hand #236909819209:  Hold'em No Limit ($0.01/$0.02 USD) - 2022/06/21 20:24:45 PT [2022/06/21 23:24:45 ET]
Table 'Bianca' 9-max Seat #1 is the button
Seat 1: riddick697 ($0.70 in chips) 
Seat 2: themarfs ($2.04 in chips) 
Seat 3: Canguru19 ($1.50 in chips) 
Seat 4: perffect16 ($2.33 in chips) 
Seat 5: Ahlemaun ($1.60 in chips) 
Seat 6: Dorex2007 ($3.60 in chips) 
Seat 7: CestLavie95 ($3.22 in chips) 
Seat 8: Ginnungagap7 ($1.97 in chips) 
Seat 9: Aguinaldo1711 ($4.04 in chips) 
themarfs: posts small blind $0.01
Canguru19: posts big blind $0.02
Ahlemaun: posts big blind $0.02
*** HOLE CARDS ***
Dealt to Dorex2007 [7c Qs]
perffect16: folds 
Ahlemaun: checks 
Dorex2007: folds 
CestLavie95: folds 
Ginnungagap7: folds 
Aguinaldo1711: calls $0.02
riddick697: folds 
themarfs: folds 
Canguru19: raises $0.06 to $0.08
Ahlemaun: folds 
Aguinaldo1711: calls $0.06
*** FLOP *** [4h 8s 6c]
Canguru19: bets $0.09
Aguinaldo1711: calls $0.09
*** TURN *** [4h 8s 6c] [3c]
Canguru19: bets $0.18
Aguinaldo1711: folds 
Uncalled bet ($0.18) returned to Canguru19
Canguru19 collected $0.36 from pot
Canguru19: doesn't show hand 
*** SUMMARY ***
Total pot $0.37 | Rake $0.01 
Board [4h 8s 6c 3c]
Seat 1: riddick697 (button) folded before Flop (didn't bet)
Seat 2: themarfs (small blind) folded before Flop
Seat 3: Canguru19 (big blind) collected ($0.36)
Seat 4: perffect16 folded before Flop (didn't bet)
Seat 5: Ahlemaun folded before Flop (didn't bet)
Seat 6: Dorex2007 folded before Flop (didn't bet)
Seat 7: CestLavie95 folded before Flop (didn't bet)
Seat 8: Ginnungagap7 folded before Flop (didn't bet)
Seat 9: Aguinaldo1711 folded on the Turn



PokerStars Hand #236909826513:  Hold'em No Limit ($0.01/$0.02 USD) - 2022/06/21 20:25:33 PT [2022/06/21 23:25:33 ET]
Table 'Bianca' 9-max Seat #2 is the button
Seat 1: riddick697 ($0.70 in chips) 
Seat 2: themarfs ($2.03 in chips) 
Seat 3: Canguru19 ($1.69 in chips) 
Seat 4: perffect16 ($2.33 in chips) 
Seat 5: Ahlemaun ($1.58 in chips) 
Seat 6: Dorex2007 ($3.60 in chips) 
Seat 7: CestLavie95 ($3.22 in chips) 
Seat 8: Ginnungagap7 ($1.97 in chips) 
Seat 9: Aguinaldo1711 ($3.87 in chips) 
Canguru19: posts small blind $0.01
perffect16: posts big blind $0.02
*** HOLE CARDS ***
Dealt to Dorex2007 [6c Td]
Ahlemaun: raises $0.04 to $0.06
Dorex2007: folds 
CestLavie95: folds 
Ginnungagap7: calls $0.06
Aguinaldo1711: calls $0.06
riddick697: folds 
themarfs: calls $0.06
Canguru19: folds 
perffect16: folds 
*** FLOP *** [Th Kh 4d]
Ahlemaun: bets $0.26
Ginnungagap7: folds 
Aguinaldo1711: calls $0.26
themarfs: folds 
*** TURN *** [Th Kh 4d] [Ad]
Ahlemaun: bets $0.76
Aguinaldo1711: raises $0.76 to $1.52
Ahlemaun: calls $0.50 and is all-in
Uncalled bet ($0.26) returned to Aguinaldo1711
*** RIVER *** [Th Kh 4d Ad] [5h]
*** SHOW DOWN ***
Ahlemaun: shows [Qs As] (a pair of Aces)
Aguinaldo1711: shows [Qd Jc] (a straight, Ten to Ace)
Aguinaldo1711 collected $3.19 from pot
*** SUMMARY ***
Total pot $3.31 | Rake $0.12 
Board [Th Kh 4d Ad 5h]
Seat 1: riddick697 folded before Flop (didn't bet)
Seat 2: themarfs (button) folded on the Flop
Seat 3: Canguru19 (small blind) folded before Flop
Seat 4: perffect16 (big blind) folded before Flop
Seat 5: Ahlemaun showed [Qs As] and lost with a pair of Aces
Seat 6: Dorex2007 folded before Flop (didn't bet)
Seat 7: CestLavie95 folded before Flop (didn't bet)
Seat 8: Ginnungagap7 folded on the Flop
Seat 9: Aguinaldo1711 showed [Qd Jc] and won ($3.19) with a straight, Ten to Ace



PokerStars Hand #236909839393:  Hold'em No Limit ($0.01/$0.02 USD) - 2022/06/21 20:26:57 PT [2022/06/21 23:26:57 ET]
Table 'Bianca' 9-max Seat #3 is the button
Seat 1: riddick697 ($0.70 in chips) 
Seat 2: themarfs ($2 in chips) 
Seat 3: Canguru19 ($1.68 in chips) 
Seat 4: perffect16 ($2.31 in chips) 
Seat 6: Dorex2007 ($3.60 in chips) 
Seat 7: CestLavie95 ($3.22 in chips) 
Seat 8: Ginnungagap7 ($1.91 in chips) 
Seat 9: Aguinaldo1711 ($5.48 in chips) 
perffect16: posts small blind $0.01
Dorex2007: posts big blind $0.02
*** HOLE CARDS ***
Dealt to Dorex2007 [5c 4d]
CestLavie95: folds 
Ginnungagap7: folds 
Aguinaldo1711: calls $0.02
riddick697: folds 
themarfs: folds 
Canguru19: calls $0.02
Ahlemaun leaves the table
perffect16: raises $0.06 to $0.08
Dorex2007: folds 
Aguinaldo1711: calls $0.06
Canguru19: folds 
*** FLOP *** [2c 5d 7d]
perffect16: bets $0.10
Aguinaldo1711: folds 
Uncalled bet ($0.10) returned to perffect16
perffect16 collected $0.19 from pot
perffect16: doesn't show hand 
*** SUMMARY ***
Total pot $0.20 | Rake $0.01 
Board [2c 5d 7d]
Seat 1: riddick697 folded before Flop (didn't bet)
Seat 2: themarfs folded before Flop (didn't bet)
Seat 3: Canguru19 (button) folded before Flop
Seat 4: perffect16 (small blind) collected ($0.19)
Seat 6: Dorex2007 (big blind) folded before Flop
Seat 7: CestLavie95 folded before Flop (didn't bet)
Seat 8: Ginnungagap7 folded before Flop (didn't bet)
Seat 9: Aguinaldo1711 folded on the Flop



PokerStars Hand #236909855882:  Hold'em No Limit ($0.01/$0.02 USD) - 2022/06/21 20:27:43 PT [2022/06/21 23:27:43 ET]
Table 'Bianca' 9-max Seat #4 is the button
Seat 1: riddick697 ($0.70 in chips) 
Seat 2: themarfs ($2 in chips) 
Seat 3: Canguru19 ($1.66 in chips) 
Seat 4: perffect16 ($2.42 in chips) 
Seat 6: Dorex2007 ($3.58 in chips) 
Seat 7: CestLavie95 ($3.22 in chips) 
Seat 8: Ginnungagap7 ($1.91 in chips) 
Seat 9: Aguinaldo1711 ($5.40 in chips) 
Dorex2007: posts small blind $0.01
CestLavie95: posts big blind $0.02
*** HOLE CARDS ***
Dealt to Dorex2007 [3h Td]
Ginnungagap7: folds 
Aguinaldo1711: calls $0.02
riddick697: folds 
themarfs: folds 
Canguru19: calls $0.02
perffect16: folds 
Dorex2007: calls $0.01
CestLavie95: checks 
*** FLOP *** [8s Qc 4d]
Dorex2007: checks 
CestLavie95: bets $0.04
Aguinaldo1711: folds 
Canguru19: folds 
Dorex2007: folds 
Uncalled bet ($0.04) returned to CestLavie95
CestLavie95 collected $0.08 from pot
CestLavie95: doesn't show hand 
*** SUMMARY ***
Total pot $0.08 | Rake $0 
Board [8s Qc 4d]
Seat 1: riddick697 folded before Flop (didn't bet)
Seat 2: themarfs folded before Flop (didn't bet)
Seat 3: Canguru19 folded on the Flop
Seat 4: perffect16 (button) folded before Flop (didn't bet)
Seat 6: Dorex2007 (small blind) folded on the Flop
Seat 7: CestLavie95 (big blind) collected ($0.08)
Seat 8: Ginnungagap7 folded before Flop (didn't bet)
Seat 9: Aguinaldo1711 folded on the Flop



PokerStars Hand #236909866177:  Hold'em No Limit ($0.01/$0.02 USD) - 2022/06/21 20:28:35 PT [2022/06/21 23:28:35 ET]
Table 'Bianca' 9-max Seat #6 is the button
Seat 1: riddick697 ($0.70 in chips) 
Seat 2: themarfs ($2 in chips) 
Seat 3: Canguru19 ($1.64 in chips) 
Seat 4: perffect16 ($2.42 in chips) 
Seat 6: Dorex2007 ($3.56 in chips) 
Seat 7: CestLavie95 ($3.28 in chips) 
Seat 9: Aguinaldo1711 ($5.38 in chips) 
CestLavie95: posts small blind $0.01
Ginnungagap7: is sitting out 
Aguinaldo1711: posts big blind $0.02
*** HOLE CARDS ***
Dealt to Dorex2007 [8c Td]
Ginnungagap7 leaves the table
riddick697: folds 
themarfs: folds 
Canguru19: calls $0.02
perffect16: folds 
Dorex2007: folds 
CestLavie95: folds 
Aguinaldo1711: raises $0.02 to $0.04
Canguru19: calls $0.02
*** FLOP *** [6c Qc Qs]
Aguinaldo1711: bets $0.09
Canguru19: folds 
Uncalled bet ($0.09) returned to Aguinaldo1711
Aguinaldo1711 collected $0.09 from pot
*** SUMMARY ***
Total pot $0.09 | Rake $0 
Board [6c Qc Qs]
Seat 1: riddick697 folded before Flop (didn't bet)
Seat 2: themarfs folded before Flop (didn't bet)
Seat 3: Canguru19 folded on the Flop
Seat 4: perffect16 folded before Flop (didn't bet)
Seat 6: Dorex2007 (button) folded before Flop (didn't bet)
Seat 7: CestLavie95 (small blind) folded before Flop
Seat 9: Aguinaldo1711 (big blind) collected ($0.09)



PokerStars Hand #236909871179:  Hold'em No Limit ($0.01/$0.02 USD) - 2022/06/21 20:29:09 PT [2022/06/21 23:29:09 ET]
Table 'Bianca' 9-max Seat #7 is the button
Seat 1: riddick697 ($0.70 in chips) 
Seat 2: themarfs ($2 in chips) 
Seat 3: Canguru19 ($1.60 in chips) 
Seat 4: perffect16 ($2.42 in chips) 
Seat 6: Dorex2007 ($3.56 in chips) 
Seat 7: CestLavie95 ($3.27 in chips) 
Seat 9: Aguinaldo1711 ($5.43 in chips) 
Aguinaldo1711: posts small blind $0.01
riddick697: posts big blind $0.02
*** HOLE CARDS ***
Dealt to Dorex2007 [As Ts]
themarfs: folds 
Canguru19: folds 
perffect16: folds 
Dorex2007: raises $0.04 to $0.06
themarfs leaves the table
CestLavie95: raises $0.11 to $0.17
Aguinaldo1711: folds 
riddick697: folds 
damian9002 joins the table at seat #5 
Dorex2007: folds 
Uncalled bet ($0.11) returned to CestLavie95
CestLavie95 collected $0.15 from pot
CestLavie95: doesn't show hand 
*** SUMMARY ***
Total pot $0.15 | Rake $0 
Seat 1: riddick697 (big blind) folded before Flop
Seat 2: themarfs folded before Flop (didn't bet)
Seat 3: Canguru19 folded before Flop (didn't bet)
Seat 4: perffect16 folded before Flop (didn't bet)
Seat 6: Dorex2007 folded before Flop
Seat 7: CestLavie95 (button) collected ($0.15)
Seat 9: Aguinaldo1711 (small blind) folded before Flop



PokerStars Hand #236909877563:  Hold'em No Limit ($0.01/$0.02 USD) - 2022/06/21 20:29:52 PT [2022/06/21 23:29:52 ET]
Table 'Bianca' 9-max Seat #9 is the button
Seat 1: riddick697 ($0.68 in chips) 
Seat 3: Canguru19 ($1.60 in chips) 
Seat 4: perffect16 ($2.42 in chips) 
Seat 6: Dorex2007 ($3.50 in chips) 
Seat 7: CestLavie95 ($3.36 in chips) 
Seat 9: Aguinaldo1711 ($5.42 in chips) 
riddick697: posts small blind $0.01
Canguru19: posts big blind $0.02
damian9002: sits out 
*** HOLE CARDS ***
Dealt to Dorex2007 [9h 7h]
perffect16: raises $0.04 to $0.06
Dorex2007: folds 
CestLavie95: folds 
Aguinaldo1711: calls $0.06
riddick697: folds 
Canguru19: folds 
*** FLOP *** [4c Qh 3h]
perffect16: bets $0.07
Aguinaldo1711: folds 
Uncalled bet ($0.07) returned to perffect16
perffect16 collected $0.14 from pot
perffect16: doesn't show hand 
*** SUMMARY ***
Total pot $0.15 | Rake $0.01 
Board [4c Qh 3h]
Seat 1: riddick697 (small blind) folded before Flop
Seat 3: Canguru19 (big blind) folded before Flop
Seat 4: perffect16 collected ($0.14)
Seat 6: Dorex2007 folded before Flop (didn't bet)
Seat 7: CestLavie95 folded before Flop (didn't bet)
Seat 9: Aguinaldo1711 (button) folded on the Flop



PokerStars Hand #236909882114:  Hold'em No Limit ($0.01/$0.02 USD) - 2022/06/21 20:30:22 PT [2022/06/21 23:30:22 ET]
Table 'Bianca' 9-max Seat #1 is the button
Seat 1: riddick697 ($0.67 in chips) 
Seat 3: Canguru19 ($1.58 in chips) 
Seat 4: perffect16 ($2.50 in chips) 
Seat 6: Dorex2007 ($3.50 in chips) 
Seat 7: CestLavie95 ($3.36 in chips) 
Seat 9: Aguinaldo1711 ($5.36 in chips) 
Canguru19: posts small blind $0.01
perffect16: posts big blind $0.02
damian9002: sits out 
*** HOLE CARDS ***
Dealt to Dorex2007 [Qc 3c]
Dorex2007: folds 
CestLavie95: folds 
Aguinaldo1711: calls $0.02
riddick697: folds 
Canguru19: calls $0.01
perffect16: checks 
*** FLOP *** [Ad 6s Jd]
Canguru19: checks 
perffect16: checks 
Aguinaldo1711: checks 
*** TURN *** [Ad 6s Jd] [4h]
Canguru19: checks 
perffect16: checks 
Aguinaldo1711: checks 
*** RIVER *** [Ad 6s Jd 4h] [Ac]
Canguru19: checks 
perffect16: checks 
Aguinaldo1711: checks 
*** SHOW DOWN ***
Canguru19: shows [5s 6c] (two pair, Aces and Sixes)
perffect16: mucks hand 
Aguinaldo1711: mucks hand 
Canguru19 collected $0.06 from pot
*** SUMMARY ***
Total pot $0.06 | Rake $0 
Board [Ad 6s Jd 4h Ac]
Seat 1: riddick697 (button) folded before Flop (didn't bet)
Seat 3: Canguru19 (small blind) showed [5s 6c] and won ($0.06) with two pair, Aces and Sixes
Seat 4: perffect16 (big blind) mucked [Tc Kc]
Seat 6: Dorex2007 folded before Flop (didn't bet)
Seat 7: CestLavie95 folded before Flop (didn't bet)
Seat 9: Aguinaldo1711 mucked [Ks 5h]



PokerStars Hand #236909889623:  Hold'em No Limit ($0.01/$0.02 USD) - 2022/06/21 20:31:12 PT [2022/06/21 23:31:12 ET]
Table 'Bianca' 9-max Seat #3 is the button
Seat 1: riddick697 ($0.67 in chips) 
Seat 3: Canguru19 ($1.62 in chips) 
Seat 4: perffect16 ($2.48 in chips) 
Seat 5: damian9002 ($2 in chips) 
Seat 6: Dorex2007 ($3.50 in chips) 
Seat 7: CestLavie95 ($3.36 in chips) 
Seat 9: Aguinaldo1711 ($5.34 in chips) 
perffect16: posts small blind $0.01
damian9002: posts big blind $0.02
*** HOLE CARDS ***
Dealt to Dorex2007 [9d 9h]
Dorex2007: calls $0.02
CestLavie95: folds 
Aguinaldo1711: calls $0.02
riddick697: folds 
Canguru19: calls $0.02
perffect16: calls $0.01
damian9002: checks 
*** FLOP *** [As Kc Ad]
perffect16: checks 
damian9002: checks 
Dorex2007: checks 
Aguinaldo1711: checks 
Canguru19: checks 
*** TURN *** [As Kc Ad] [Ah]
perffect16: checks 
damian9002: checks 
Dorex2007: bets $0.10
Aguinaldo1711: calls $0.10
Canguru19: folds 
perffect16: folds 
damian9002: folds 
*** RIVER *** [As Kc Ad Ah] [5d]
Dorex2007: bets $0.15
Aguinaldo1711: calls $0.15
*** SHOW DOWN ***
Dorex2007: shows [9d 9h] (a full house, Aces full of Nines)
Aguinaldo1711: mucks hand 
Dorex2007 collected $0.58 from pot
*** SUMMARY ***
Total pot $0.60 | Rake $0.02 
Board [As Kc Ad Ah 5d]
Seat 1: riddick697 folded before Flop (didn't bet)
Seat 3: Canguru19 (button) folded on the Turn
Seat 4: perffect16 (small blind) folded on the Turn
Seat 5: damian9002 (big blind) folded on the Turn
Seat 6: Dorex2007 showed [9d 9h] and won ($0.58) with a full house, Aces full of Nines
Seat 7: CestLavie95 folded before Flop (didn't bet)
Seat 9: Aguinaldo1711 mucked [Qc 5h]



PokerStars Hand #236909907563:  Hold'em No Limit ($0.01/$0.02 USD) - 2022/06/21 20:32:22 PT [2022/06/21 23:32:22 ET]
Table 'Bianca' 9-max Seat #4 is the button
Seat 1: riddick697 ($0.67 in chips) 
Seat 3: Canguru19 ($1.60 in chips) 
Seat 4: perffect16 ($2.46 in chips) 
Seat 5: damian9002 ($1.98 in chips) 
Seat 6: Dorex2007 ($3.81 in chips) 
Seat 7: CestLavie95 ($3.36 in chips) 
Seat 9: Aguinaldo1711 ($5.07 in chips) 
damian9002: posts small blind $0.01
Dorex2007: posts big blind $0.02
*** HOLE CARDS ***
Dealt to Dorex2007 [5d 4c]
CestLavie95: folds 
Aguinaldo1711: calls $0.02
riddick697: folds 
Canguru19: calls $0.02
perffect16: folds 
damian9002: calls $0.01
Dorex2007: checks 
*** FLOP *** [4h Ah 8h]
damian9002: checks 
Dorex2007: checks 
Aguinaldo1711: checks 
Canguru19: checks 
*** TURN *** [4h Ah 8h] [8c]
damian9002: bets $0.04
Dorex2007: folds 
Aguinaldo1711: folds 
Canguru19: folds 
Uncalled bet ($0.04) returned to damian9002
damian9002 collected $0.08 from pot
damian9002: doesn't show hand 
*** SUMMARY ***
Total pot $0.08 | Rake $0 
Board [4h Ah 8h 8c]
Seat 1: riddick697 folded before Flop (didn't bet)
Seat 3: Canguru19 folded on the Turn
Seat 4: perffect16 (button) folded before Flop (didn't bet)
Seat 5: damian9002 (small blind) collected ($0.08)
Seat 6: Dorex2007 (big blind) folded on the Turn
Seat 7: CestLavie95 folded before Flop (didn't bet)
Seat 9: Aguinaldo1711 folded on the Turn



PokerStars Hand #236909913642:  Hold'em No Limit ($0.01/$0.02 USD) - 2022/06/21 20:33:02 PT [2022/06/21 23:33:02 ET]
Table 'Bianca' 9-max Seat #5 is the button
Seat 1: riddick697 ($0.67 in chips) 
Seat 3: Canguru19 ($1.58 in chips) 
Seat 4: perffect16 ($2.46 in chips) 
Seat 5: damian9002 ($2.04 in chips) 
Seat 6: Dorex2007 ($3.79 in chips) 
Seat 7: CestLavie95 ($3.36 in chips) 
Seat 9: Aguinaldo1711 ($5.05 in chips) 
Dorex2007: posts small blind $0.01
CestLavie95: posts big blind $0.02
*** HOLE CARDS ***
Dealt to Dorex2007 [8s Tc]
Aguinaldo1711: calls $0.02
riddick697: calls $0.02
Canguru19 has timed out
Canguru19: folds 
perffect16: folds 
damian9002: folds 
Dorex2007: calls $0.01
CestLavie95: checks 
*** FLOP *** [2d 7h 5d]
Dorex2007: checks 
CestLavie95: bets $0.03
Aguinaldo1711: calls $0.03
riddick697: calls $0.03
Dorex2007: folds 
*** TURN *** [2d 7h 5d] [3c]
CestLavie95: checks 
Aguinaldo1711: bets $0.16
riddick697: folds 
CestLavie95: folds 
Uncalled bet ($0.16) returned to Aguinaldo1711
Aguinaldo1711 collected $0.16 from pot
*** SUMMARY ***
Total pot $0.17 | Rake $0.01 
Board [2d 7h 5d 3c]
Seat 1: riddick697 folded on the Turn
Seat 3: Canguru19 folded before Flop (didn't bet)
Seat 4: perffect16 folded before Flop (didn't bet)
Seat 5: damian9002 (button) folded before Flop (didn't bet)
Seat 6: Dorex2007 (small blind) folded on the Flop
Seat 7: CestLavie95 (big blind) folded on the Turn
Seat 9: Aguinaldo1711 collected ($0.16)



PokerStars Hand #236909929901:  Hold'em No Limit ($0.01/$0.02 USD) - 2022/06/21 20:34:50 PT [2022/06/21 23:34:50 ET]
Table 'Bianca' 9-max Seat #6 is the button
Seat 1: riddick697 ($0.62 in chips) 
Seat 3: Canguru19 ($1.58 in chips) 
Seat 4: perffect16 ($2.46 in chips) 
Seat 5: damian9002 ($2.04 in chips) 
Seat 6: Dorex2007 ($3.77 in chips) 
Seat 7: CestLavie95 ($3.31 in chips) 
Seat 9: Aguinaldo1711 ($5.16 in chips) 
CestLavie95: posts small blind $0.01
Aguinaldo1711: posts big blind $0.02
*** HOLE CARDS ***
Dealt to Dorex2007 [2c 3c]
riddick697: folds 
Canguru19: folds 
perffect16: folds 
damian9002: raises $0.04 to $0.06
Dorex2007: folds 
CestLavie95: folds 
Aguinaldo1711: calls $0.04
*** FLOP *** [3s 8h 5c]
Aguinaldo1711: checks 
damian9002: bets $0.04
Aguinaldo1711: calls $0.04
*** TURN *** [3s 8h 5c] [7c]
Aguinaldo1711: checks 
damian9002: bets $0.11
Aguinaldo1711: calls $0.11
*** RIVER *** [3s 8h 5c 7c] [9h]
Aguinaldo1711: checks 
damian9002: checks 
*** SHOW DOWN ***
Aguinaldo1711: shows [Jd 4s] (high card Jack)
damian9002: shows [Kh Qs] (high card King)
damian9002 collected $0.41 from pot
*** SUMMARY ***
Total pot $0.43 | Rake $0.02 
Board [3s 8h 5c 7c 9h]
Seat 1: riddick697 folded before Flop (didn't bet)
Seat 3: Canguru19 folded before Flop (didn't bet)
Seat 4: perffect16 folded before Flop (didn't bet)
Seat 5: damian9002 showed [Kh Qs] and won ($0.41) with high card King
Seat 6: Dorex2007 (button) folded before Flop (didn't bet)
Seat 7: CestLavie95 (small blind) folded before Flop
Seat 9: Aguinaldo1711 (big blind) showed [Jd 4s] and lost with high card Jack



PokerStars Hand #236909938269:  Hold'em No Limit ($0.01/$0.02 USD) - 2022/06/21 20:35:46 PT [2022/06/21 23:35:46 ET]
Table 'Bianca' 9-max Seat #7 is the button
Seat 1: riddick697 ($0.62 in chips) 
Seat 3: Canguru19 ($1.58 in chips) 
Seat 4: perffect16 ($2.46 in chips) 
Seat 5: damian9002 ($2.24 in chips) 
Seat 6: Dorex2007 ($3.77 in chips) 
Seat 7: CestLavie95 ($3.30 in chips) 
Seat 9: Aguinaldo1711 ($4.95 in chips) 
Aguinaldo1711: posts small blind $0.01
riddick697: posts big blind $0.02
*** HOLE CARDS ***
Dealt to Dorex2007 [Qc Ad]
Canguru19: calls $0.02
perffect16: folds 
damian9002: calls $0.02
Dorex2007: calls $0.02
CestLavie95: folds 
Aguinaldo1711: calls $0.01
riddick697: checks 
*** FLOP *** [5c As Jd]
Aguinaldo1711: checks 
riddick697: checks 
Canguru19: checks 
damian9002: checks 
Dorex2007: bets $0.20
Aguinaldo1711: folds 
riddick697: folds 
Canguru19: folds 
damian9002: folds 
Uncalled bet ($0.20) returned to Dorex2007
Dorex2007 collected $0.10 from pot
Dorex2007: doesn't show hand 
*** SUMMARY ***
Total pot $0.10 | Rake $0 
Board [5c As Jd]
Seat 1: riddick697 (big blind) folded on the Flop
Seat 3: Canguru19 folded on the Flop
Seat 4: perffect16 folded before Flop (didn't bet)
Seat 5: damian9002 folded on the Flop
Seat 6: Dorex2007 collected ($0.10)
Seat 7: CestLavie95 (button) folded before Flop (didn't bet)
Seat 9: Aguinaldo1711 (small blind) folded on the Flop



PokerStars Hand #236909948792:  Hold'em No Limit ($0.01/$0.02 USD) - 2022/06/21 20:36:57 PT [2022/06/21 23:36:57 ET]
Table 'Bianca' 9-max Seat #9 is the button
Seat 1: riddick697 ($0.60 in chips) 
Seat 3: Canguru19 ($1.56 in chips) 
Seat 4: perffect16 ($2.46 in chips) 
Seat 5: damian9002 ($2.22 in chips) 
Seat 6: Dorex2007 ($3.85 in chips) 
Seat 7: CestLavie95 ($3.30 in chips) 
Seat 9: Aguinaldo1711 ($4.93 in chips) 
riddick697: posts small blind $0.01
Canguru19: posts big blind $0.02
*** HOLE CARDS ***
Dealt to Dorex2007 [9h 2h]
perffect16: folds 
damian9002: folds 
Dorex2007: folds 
CestLavie95: folds 
ALEMONSSS joins the table at seat #2 
Aguinaldo1711: calls $0.02
riddick697: calls $0.01
Canguru19: checks 
*** FLOP *** [5s 5c 9c]
riddick697: checks 
Canguru19: checks 
Aguinaldo1711: bets $0.03
riddick697: folds 
Canguru19: calls $0.03
*** TURN *** [5s 5c 9c] [Jc]
Canguru19: checks 
Aguinaldo1711: bets $0.12
Canguru19: raises $0.18 to $0.30
Aguinaldo1711: folds 
Uncalled bet ($0.18) returned to Canguru19
Canguru19 collected $0.35 from pot
Canguru19: doesn't show hand 
*** SUMMARY ***
Total pot $0.36 | Rake $0.01 
Board [5s 5c 9c Jc]
Seat 1: riddick697 (small blind) folded on the Flop
Seat 3: Canguru19 (big blind) collected ($0.35)
Seat 4: perffect16 folded before Flop (didn't bet)
Seat 5: damian9002 folded before Flop (didn't bet)
Seat 6: Dorex2007 folded before Flop (didn't bet)
Seat 7: CestLavie95 folded before Flop (didn't bet)
Seat 9: Aguinaldo1711 (button) folded on the Turn



PokerStars Hand #236909956022:  Hold'em No Limit ($0.01/$0.02 USD) - 2022/06/21 20:37:47 PT [2022/06/21 23:37:47 ET]
Table 'Bianca' 9-max Seat #1 is the button
Seat 1: riddick697 ($0.58 in chips) 
Seat 3: Canguru19 ($1.74 in chips) 
Seat 4: perffect16 ($2.46 in chips) 
Seat 5: damian9002 ($2.22 in chips) 
Seat 6: Dorex2007 ($3.85 in chips) 
Seat 7: CestLavie95 ($3.30 in chips) 
Seat 9: Aguinaldo1711 ($4.76 in chips) 
Canguru19: posts small blind $0.01
perffect16: posts big blind $0.02
*** HOLE CARDS ***
Dealt to Dorex2007 [5h Kd]
damian9002: folds 
Dorex2007: folds 
CestLavie95: folds 
Aguinaldo1711: calls $0.02
riddick697: folds 
Canguru19: calls $0.01
perffect16: checks 
*** FLOP *** [Qc Jc 6s]
Canguru19: checks 
perffect16: checks 
Aguinaldo1711: bets $0.02
Canguru19: folds 
perffect16: folds 
Uncalled bet ($0.02) returned to Aguinaldo1711
Aguinaldo1711 collected $0.06 from pot
*** SUMMARY ***
Total pot $0.06 | Rake $0 
Board [Qc Jc 6s]
Seat 1: riddick697 (button) folded before Flop (didn't bet)
Seat 3: Canguru19 (small blind) folded on the Flop
Seat 4: perffect16 (big blind) folded on the Flop
Seat 5: damian9002 folded before Flop (didn't bet)
Seat 6: Dorex2007 folded before Flop (didn't bet)
Seat 7: CestLavie95 folded before Flop (didn't bet)
Seat 9: Aguinaldo1711 collected ($0.06)



PokerStars Hand #236909961679:  Hold'em No Limit ($0.01/$0.02 USD) - 2022/06/21 20:38:25 PT [2022/06/21 23:38:25 ET]
Table 'Bianca' 9-max Seat #3 is the button
Seat 1: riddick697 ($0.58 in chips) 
Seat 2: ALEMONSSS ($2 in chips) 
Seat 3: Canguru19 ($1.72 in chips) 
Seat 4: perffect16 ($2.44 in chips) 
Seat 5: damian9002 ($2.22 in chips) 
Seat 6: Dorex2007 ($3.85 in chips) 
Seat 7: CestLavie95 ($3.30 in chips) 
Seat 9: Aguinaldo1711 ($4.80 in chips) 
perffect16: posts small blind $0.01
damian9002: posts big blind $0.02
ALEMONSSS: posts big blind $0.02
*** HOLE CARDS ***
Dealt to Dorex2007 [8h 5c]
Dorex2007: folds 
CestLavie95: folds 
Aguinaldo1711: calls $0.02
riddick697: calls $0.02
ALEMONSSS: checks 
Canguru19: calls $0.02
perffect16: raises $0.12 to $0.14
damian9002: folds 
Aguinaldo1711: calls $0.12
riddick697: calls $0.12
ALEMONSSS: folds 
Canguru19: folds 
*** FLOP *** [9d 5d Qh]
perffect16: bets $0.23
Aguinaldo1711: folds 
riddick697: calls $0.23
*** TURN *** [9d 5d Qh] [Js]
perffect16: bets $0.46
riddick697: calls $0.21 and is all-in
Uncalled bet ($0.25) returned to perffect16
*** RIVER *** [9d 5d Qh Js] [3h]
*** SHOW DOWN ***
perffect16: shows [Ac Qd] (a pair of Queens)
riddick697: shows [Jc 9c] (two pair, Jacks and Nines)
riddick697 collected $1.31 from pot
*** SUMMARY ***
Total pot $1.36 | Rake $0.05 
Board [9d 5d Qh Js 3h]
Seat 1: riddick697 showed [Jc 9c] and won ($1.31) with two pair, Jacks and Nines
Seat 2: ALEMONSSS folded before Flop (didn't bet)
Seat 3: Canguru19 (button) folded before Flop
Seat 4: perffect16 (small blind) showed [Ac Qd] and lost with a pair of Queens
Seat 5: damian9002 (big blind) folded before Flop
Seat 6: Dorex2007 folded before Flop (didn't bet)
Seat 7: CestLavie95 folded before Flop (didn't bet)
Seat 9: Aguinaldo1711 folded on the Flop



PokerStars Hand #236909971947:  Hold'em No Limit ($0.01/$0.02 USD) - 2022/06/21 20:39:36 PT [2022/06/21 23:39:36 ET]
Table 'Bianca' 9-max Seat #4 is the button
Seat 1: riddick697 ($1.31 in chips) 
Seat 2: ALEMONSSS ($1.98 in chips) 
Seat 3: Canguru19 ($1.70 in chips) 
Seat 4: perffect16 ($2 in chips) 
Seat 5: damian9002 ($2.20 in chips) 
Seat 6: Dorex2007 ($3.85 in chips) 
Seat 7: CestLavie95 ($3.30 in chips) 
Seat 9: Aguinaldo1711 ($4.66 in chips) 
damian9002: posts small blind $0.01
Dorex2007: posts big blind $0.02
*** HOLE CARDS ***
Dealt to Dorex2007 [Jd 9d]
CestLavie95: folds 
Aguinaldo1711: calls $0.02
riddick697: calls $0.02
ALEMONSSS: calls $0.02
Canguru19: calls $0.02
perffect16: folds 
damian9002: calls $0.01
Dorex2007: checks 
*** FLOP *** [Qh 8h 4s]
damian9002: checks 
Dorex2007: checks 
Aguinaldo1711: bets $0.06
riddick697: folds 
ALEMONSSS: folds 
Canguru19: calls $0.06
damian9002: folds 
Dorex2007: folds 
*** TURN *** [Qh 8h 4s] [6d]
Aguinaldo1711: bets $0.02
go in raw dude joins the table at seat #8 
perffect16 leaves the table
Canguru19: raises $0.14 to $0.16
Aguinaldo1711: folds 
Uncalled bet ($0.14) returned to Canguru19
Canguru19 collected $0.27 from pot
Canguru19: doesn't show hand 
*** SUMMARY ***
Total pot $0.28 | Rake $0.01 
Board [Qh 8h 4s 6d]
Seat 1: riddick697 folded on the Flop
Seat 2: ALEMONSSS folded on the Flop
Seat 3: Canguru19 collected ($0.27)
Seat 4: perffect16 (button) folded before Flop (didn't bet)
Seat 5: damian9002 (small blind) folded on the Flop
Seat 6: Dorex2007 (big blind) folded on the Flop
Seat 7: CestLavie95 folded before Flop (didn't bet)
Seat 9: Aguinaldo1711 folded on the Turn



PokerStars Hand #236909984487:  Hold'em No Limit ($0.01/$0.02 USD) - 2022/06/21 20:41:01 PT [2022/06/21 23:41:01 ET]
Table 'Bianca' 9-max Seat #5 is the button
Seat 1: riddick697 ($1.29 in chips) 
Seat 2: ALEMONSSS ($1.96 in chips) 
Seat 3: Canguru19 ($1.87 in chips) 
Seat 5: damian9002 ($2.18 in chips) 
Seat 6: Dorex2007 ($3.83 in chips) 
Seat 7: CestLavie95 ($3.30 in chips) 
Seat 9: Aguinaldo1711 ($4.56 in chips) 
Dorex2007: posts small blind $0.01
CestLavie95: posts big blind $0.02
go in raw dude: sits out 
*** HOLE CARDS ***
Dealt to Dorex2007 [Ac 7d]
Aguinaldo1711: calls $0.02
riddick697: calls $0.02
ALEMONSSS: calls $0.02
Canguru19: folds 
damian9002: folds 
Dorex2007: calls $0.01
CestLavie95: checks 
*** FLOP *** [3s 5d Ad]
Dorex2007: checks 
CestLavie95: checks 
braga121 joins the table at seat #4 
Aguinaldo1711: bets $0.02
braga121 leaves the table
riddick697: calls $0.02
ALEMONSSS: calls $0.02
Dorex2007: calls $0.02
CestLavie95: folds 
*** TURN *** [3s 5d Ad] [4c]
go in raw dude leaves the table
Dorex2007: checks 
Aguinaldo1711: bets $0.17
riddick697: folds 
ALEMONSSS: folds 
Dorex2007: folds 
Uncalled bet ($0.17) returned to Aguinaldo1711
Aguinaldo1711 collected $0.17 from pot
*** SUMMARY ***
Total pot $0.18 | Rake $0.01 
Board [3s 5d Ad 4c]
Seat 1: riddick697 folded on the Turn
Seat 2: ALEMONSSS folded on the Turn
Seat 3: Canguru19 folded before Flop (didn't bet)
Seat 5: damian9002 (button) folded before Flop (didn't bet)
Seat 6: Dorex2007 (small blind) folded on the Turn
Seat 7: CestLavie95 (big blind) folded on the Flop
Seat 9: Aguinaldo1711 collected ($0.17)



PokerStars Hand #236909994096:  Hold'em No Limit ($0.01/$0.02 USD) - 2022/06/21 20:42:08 PT [2022/06/21 23:42:08 ET]
Table 'Bianca' 9-max Seat #6 is the button
Seat 1: riddick697 ($1.25 in chips) 
Seat 2: ALEMONSSS ($1.92 in chips) 
Seat 3: Canguru19 ($1.87 in chips) 
Seat 5: damian9002 ($2.18 in chips) 
Seat 6: Dorex2007 ($3.79 in chips) 
Seat 7: CestLavie95 ($3.28 in chips) 
Seat 9: Aguinaldo1711 ($4.69 in chips) 
CestLavie95: posts small blind $0.01
Aguinaldo1711: posts big blind $0.02
*** HOLE CARDS ***
Dealt to Dorex2007 [As 2s]
riddick697: folds 
ALEMONSSS: calls $0.02
Canguru19: calls $0.02
damian9002: folds 
riddick697 is disconnected 
Dorex2007 has timed out
Dorex2007: folds 
CestLavie95: folds 
Aguinaldo1711: raises $0.02 to $0.04
ALEMONSSS: calls $0.02
Canguru19: calls $0.02
*** FLOP *** [Jc 8s 7h]
Aguinaldo1711: bets $0.13
ALEMONSSS: calls $0.13
Canguru19: folds 
*** TURN *** [Jc 8s 7h] [Qc]
Aguinaldo1711: bets $0.38
ALEMONSSS: calls $0.38
*** RIVER *** [Jc 8s 7h Qc] [7c]
Aguinaldo1711: bets $0.02
ALEMONSSS: calls $0.02
*** SHOW DOWN ***
Aguinaldo1711: shows [Tc Kd] (a pair of Sevens)
ALEMONSSS: shows [8d 4c] (two pair, Eights and Sevens)
ALEMONSSS collected $1.15 from pot
*** SUMMARY ***
Total pot $1.19 | Rake $0.04 
Board [Jc 8s 7h Qc 7c]
Seat 1: riddick697 folded before Flop (didn't bet)
Seat 2: ALEMONSSS showed [8d 4c] and won ($1.15) with two pair, Eights and Sevens
Seat 3: Canguru19 folded on the Flop
Seat 5: damian9002 folded before Flop (didn't bet)
Seat 6: Dorex2007 (button) folded before Flop (didn't bet)
Seat 7: CestLavie95 (small blind) folded before Flop
Seat 9: Aguinaldo1711 (big blind) showed [Tc Kd] and lost with a pair of Sevens



PokerStars Hand #236910012206:  Hold'em No Limit ($0.01/$0.02 USD) - 2022/06/21 20:43:19 PT [2022/06/21 23:43:19 ET]
Table 'Bianca' 9-max Seat #7 is the button
Seat 1: riddick697 ($1.25 in chips) 
Seat 2: ALEMONSSS ($2.50 in chips) 
Seat 3: Canguru19 ($1.83 in chips) 
Seat 5: damian9002 ($2.18 in chips) 
Seat 6: Dorex2007 ($3.79 in chips) 
Seat 7: CestLavie95 ($3.27 in chips) 
Seat 9: Aguinaldo1711 ($4.12 in chips) 
Aguinaldo1711: posts small blind $0.01
riddick697: posts big blind $0.02
*** HOLE CARDS ***
Dealt to Dorex2007 [8c Kh]
ALEMONSSS: calls $0.02
Canguru19: folds 
damian9002: folds 
Dorex2007: folds 
CestLavie95: folds 
Aguinaldo1711: calls $0.01
riddick697: checks 
*** FLOP *** [4c 5d 5s]
Aguinaldo1711: bets $0.06
riddick697: folds 
ALEMONSSS: folds 
Uncalled bet ($0.06) returned to Aguinaldo1711
Aguinaldo1711 collected $0.06 from pot
*** SUMMARY ***
Total pot $0.06 | Rake $0 
Board [4c 5d 5s]
Seat 1: riddick697 (big blind) folded on the Flop
Seat 2: ALEMONSSS folded on the Flop
Seat 3: Canguru19 folded before Flop (didn't bet)
Seat 5: damian9002 folded before Flop (didn't bet)
Seat 6: Dorex2007 folded before Flop (didn't bet)
Seat 7: CestLavie95 (button) folded before Flop (didn't bet)
Seat 9: Aguinaldo1711 (small blind) collected ($0.06)



PokerStars Hand #236910019405:  Hold'em No Limit ($0.01/$0.02 USD) - 2022/06/21 20:44:09 PT [2022/06/21 23:44:09 ET]
Table 'Bianca' 9-max Seat #9 is the button
Seat 1: riddick697 ($1.23 in chips) 
Seat 2: ALEMONSSS ($2.48 in chips) 
Seat 3: Canguru19 ($1.83 in chips) 
Seat 5: damian9002 ($2.18 in chips) 
Seat 6: Dorex2007 ($3.79 in chips) 
Seat 7: CestLavie95 ($3.27 in chips) 
Seat 9: Aguinaldo1711 ($4.16 in chips) 
riddick697: posts small blind $0.01
ALEMONSSS: posts big blind $0.02
*** HOLE CARDS ***
Dealt to Dorex2007 [Js 6c]
Canguru19: folds 
damian9002: folds 
Dorex2007: folds 
CestLavie95: folds 
Aguinaldo1711: calls $0.02
riddick697: calls $0.01
ALEMONSSS: checks 
*** FLOP *** [7s Th Ks]
riddick697: bets $0.02
ALEMONSSS: calls $0.02
Aguinaldo1711: folds 
*** TURN *** [7s Th Ks] [9d]
riddick697: bets $0.02
ALEMONSSS: calls $0.02
*** RIVER *** [7s Th Ks 9d] [8d]
riddick697: bets $0.02
ALEMONSSS: raises $0.06 to $0.08
riddick697: calls $0.06
*** SHOW DOWN ***
ALEMONSSS: shows [8c Qd] (a pair of Eights)
riddick697: shows [2s Kd] (a pair of Kings)
riddick697 collected $0.29 from pot
*** SUMMARY ***
Total pot $0.30 | Rake $0.01 
Board [7s Th Ks 9d 8d]
Seat 1: riddick697 (small blind) showed [2s Kd] and won ($0.29) with a pair of Kings
Seat 2: ALEMONSSS (big blind) showed [8c Qd] and lost with a pair of Eights
Seat 3: Canguru19 folded before Flop (didn't bet)
Seat 5: damian9002 folded before Flop (didn't bet)
Seat 6: Dorex2007 folded before Flop (didn't bet)
Seat 7: CestLavie95 folded before Flop (didn't bet)
Seat 9: Aguinaldo1711 (button) folded on the Flop



PokerStars Hand #236910027001:  Hold'em No Limit ($0.01/$0.02 USD) - 2022/06/21 20:45:01 PT [2022/06/21 23:45:01 ET]
Table 'Bianca' 9-max Seat #1 is the button
Seat 1: riddick697 ($1.38 in chips) 
Seat 2: ALEMONSSS ($2.34 in chips) 
Seat 3: Canguru19 ($1.83 in chips) 
Seat 5: damian9002 ($2.18 in chips) 
Seat 6: Dorex2007 ($3.79 in chips) 
Seat 7: CestLavie95 ($3.27 in chips) 
Seat 9: Aguinaldo1711 ($4.14 in chips) 
ALEMONSSS: posts small blind $0.01
Canguru19: posts big blind $0.02
*** HOLE CARDS ***
Dealt to Dorex2007 [Td 6s]
damian9002: folds 
Dorex2007: folds 
CestLavie95: folds 
Aguinaldo1711: calls $0.02
riddick697: folds 
riddick697 leaves the table
ALEMONSSS: calls $0.01
Canguru19: checks 
*** FLOP *** [5d Qh 4h]
ALEMONSSS: bets $0.02
Canguru19: folds 
Aguinaldo1711: calls $0.02
*** TURN *** [5d Qh 4h] [6h]
ALEMONSSS: bets $0.06
Aguinaldo1711: calls $0.06
*** RIVER *** [5d Qh 4h 6h] [Jh]
ALEMONSSS: bets $0.06
Aguinaldo1711: raises $0.33 to $0.39
ALEMONSSS: folds 
Uncalled bet ($0.33) returned to Aguinaldo1711
Aguinaldo1711 collected $0.33 from pot
*** SUMMARY ***
Total pot $0.34 | Rake $0.01 
Board [5d Qh 4h 6h Jh]
Seat 1: riddick697 (button) folded before Flop (didn't bet)
Seat 2: ALEMONSSS (small blind) folded on the River
Seat 3: Canguru19 (big blind) folded on the Flop
Seat 5: damian9002 folded before Flop (didn't bet)
Seat 6: Dorex2007 folded before Flop (didn't bet)
Seat 7: CestLavie95 folded before Flop (didn't bet)
Seat 9: Aguinaldo1711 collected ($0.33)



PokerStars Hand #236910035496:  Hold'em No Limit ($0.01/$0.02 USD) - 2022/06/21 20:46:00 PT [2022/06/21 23:46:00 ET]
Table 'Bianca' 9-max Seat #2 is the button
Seat 2: ALEMONSSS ($2.18 in chips) 
Seat 3: Canguru19 ($1.81 in chips) 
Seat 5: damian9002 ($2.18 in chips) 
Seat 6: Dorex2007 ($3.79 in chips) 
Seat 7: CestLavie95 ($3.27 in chips) 
Seat 9: Aguinaldo1711 ($4.31 in chips) 
Canguru19: posts small blind $0.01
damian9002: posts big blind $0.02
*** HOLE CARDS ***
Dealt to Dorex2007 [7s Ts]
Dorex2007: folds 
CestLavie95: folds 
Aguinaldo1711: calls $0.02
ALEMONSSS: raises $0.02 to $0.04
Canguru19: folds 
damian9002: calls $0.02
Aguinaldo1711: calls $0.02
*** FLOP *** [Kh 5h 8c]
damian9002: checks 
Aguinaldo1711: checks 
EdgeShade joins the table at seat #8 
ALEMONSSS: bets $0.04
damian9002: calls $0.04
Aguinaldo1711: folds 
*** TURN *** [Kh 5h 8c] [4c]
damian9002: checks 
ALEMONSSS: bets $0.06
damian9002: calls $0.06
*** RIVER *** [Kh 5h 8c 4c] [Qh]
damian9002: checks 
ALEMONSSS: bets $0.16
damian9002: folds 
Uncalled bet ($0.16) returned to ALEMONSSS
ALEMONSSS collected $0.32 from pot
ALEMONSSS: doesn't show hand 
*** SUMMARY ***
Total pot $0.33 | Rake $0.01 
Board [Kh 5h 8c 4c Qh]
Seat 2: ALEMONSSS (button) collected ($0.32)
Seat 3: Canguru19 (small blind) folded before Flop
Seat 5: damian9002 (big blind) folded on the River
Seat 6: Dorex2007 folded before Flop (didn't bet)
Seat 7: CestLavie95 folded before Flop (didn't bet)
Seat 9: Aguinaldo1711 folded on the Flop



PokerStars Hand #236910044023:  Hold'em No Limit ($0.01/$0.02 USD) - 2022/06/21 20:47:00 PT [2022/06/21 23:47:00 ET]
Table 'Bianca' 9-max Seat #3 is the button
Seat 2: ALEMONSSS ($2.36 in chips) 
Seat 3: Canguru19 ($1.80 in chips) 
Seat 5: damian9002 ($2.04 in chips) 
Seat 6: Dorex2007 ($3.79 in chips) 
Seat 7: CestLavie95 ($3.27 in chips) 
Seat 8: EdgeShade ($2 in chips) 
Seat 9: Aguinaldo1711 ($4.27 in chips) 
damian9002: posts small blind $0.01
Dorex2007: posts big blind $0.02
EdgeShade: posts big blind $0.02
*** HOLE CARDS ***
Dealt to Dorex2007 [5h 4d]
INTIMIDATOR69 joins the table at seat #1 
CestLavie95: folds 
EdgeShade: checks 
Aguinaldo1711: calls $0.02
ALEMONSSS: calls $0.02
Canguru19: calls $0.02
damian9002: folds 
Dorex2007: checks 
*** FLOP *** [Th 4s 4h]
Dorex2007: bets $0.07
EdgeShade: folds 
dito44156 joins the table at seat #4 
Aguinaldo1711: folds 
ALEMONSSS: folds 
Canguru19: folds 
Uncalled bet ($0.07) returned to Dorex2007
Dorex2007 collected $0.11 from pot
Dorex2007: doesn't show hand 
*** SUMMARY ***
Total pot $0.11 | Rake $0 
Board [Th 4s 4h]
Seat 2: ALEMONSSS folded on the Flop
Seat 3: Canguru19 (button) folded on the Flop
Seat 5: damian9002 (small blind) folded before Flop
Seat 6: Dorex2007 (big blind) collected ($0.11)
Seat 7: CestLavie95 folded before Flop (didn't bet)
Seat 8: EdgeShade folded on the Flop (didn't bet)
Seat 9: Aguinaldo1711 folded on the Flop



PokerStars Hand #236910048688:  Hold'em No Limit ($0.01/$0.02 USD) - 2022/06/21 20:47:32 PT [2022/06/21 23:47:32 ET]
Table 'Bianca' 9-max Seat #5 is the button
Seat 1: INTIMIDATOR69 ($1 in chips) 
Seat 2: ALEMONSSS ($2.34 in chips) 
Seat 3: Canguru19 ($1.78 in chips) 
Seat 5: damian9002 ($2.03 in chips) 
Seat 6: Dorex2007 ($3.88 in chips) 
Seat 7: CestLavie95 ($3.27 in chips) 
Seat 8: EdgeShade ($1.98 in chips) 
Seat 9: Aguinaldo1711 ($4.25 in chips) 
Dorex2007: posts small blind $0.01
CestLavie95: posts big blind $0.02
INTIMIDATOR69: posts big blind $0.02
dito44156: sits out 
*** HOLE CARDS ***
Dealt to Dorex2007 [2s Jh]
EdgeShade: folds 
Aguinaldo1711: calls $0.02
INTIMIDATOR69: checks 
ALEMONSSS: calls $0.02
Canguru19: calls $0.02
damian9002: folds 
Dorex2007: folds 
CestLavie95: checks 
*** FLOP *** [2c 8d 4d]
CestLavie95: checks 
Aguinaldo1711: bets $0.06
INTIMIDATOR69: calls $0.06
ALEMONSSS: calls $0.06
Canguru19: calls $0.06
CestLavie95: folds 
*** TURN *** [2c 8d 4d] [Ah]
Aguinaldo1711: bets $0.34
INTIMIDATOR69: folds 
ALEMONSSS: calls $0.34
Canguru19: folds 
*** RIVER *** [2c 8d 4d Ah] [Kc]
Aguinaldo1711: checks 
ALEMONSSS: checks 
*** SHOW DOWN ***
Aguinaldo1711: shows [2h 4c] (two pair, Fours and Deuces)
ALEMONSSS: mucks hand 
Aguinaldo1711 collected $0.99 from pot
*** SUMMARY ***
Total pot $1.03 | Rake $0.04 
Board [2c 8d 4d Ah Kc]
Seat 1: INTIMIDATOR69 folded on the Turn
Seat 2: ALEMONSSS mucked [3c Qs]
Seat 3: Canguru19 folded on the Turn
Seat 5: damian9002 (button) folded before Flop (didn't bet)
Seat 6: Dorex2007 (small blind) folded before Flop
Seat 7: CestLavie95 (big blind) folded on the Flop
Seat 8: EdgeShade folded before Flop (didn't bet)
Seat 9: Aguinaldo1711 showed [2h 4c] and won ($0.99) with two pair, Fours and Deuces



PokerStars Hand #236910056566:  Hold'em No Limit ($0.01/$0.02 USD) - 2022/06/21 20:48:26 PT [2022/06/21 23:48:26 ET]
Table 'Bianca' 9-max Seat #6 is the button
Seat 1: INTIMIDATOR69 ($1 in chips) 
Seat 2: ALEMONSSS ($1.92 in chips) 
Seat 3: Canguru19 ($1.70 in chips) 
Seat 4: dito44156 ($1.60 in chips) 
Seat 5: damian9002 ($2.03 in chips) 
Seat 6: Dorex2007 ($3.87 in chips) 
Seat 7: CestLavie95 ($3.25 in chips) 
Seat 8: EdgeShade ($1.98 in chips) 
Seat 9: Aguinaldo1711 ($4.82 in chips) 
CestLavie95: posts small blind $0.01
EdgeShade: posts big blind $0.02
dito44156: posts big blind $0.02
*** HOLE CARDS ***
Dealt to Dorex2007 [9s Qc]
Aguinaldo1711: calls $0.02
INTIMIDATOR69: folds 
ALEMONSSS: calls $0.02
Canguru19: folds 
dito44156: checks 
damian9002: folds 
Dorex2007: folds 
CestLavie95: calls $0.01
EdgeShade: raises $0.10 to $0.12
Aguinaldo1711: calls $0.10
ALEMONSSS: calls $0.10
dito44156: folds 
CestLavie95: calls $0.10
*** FLOP *** [Jd Ad Qh]
CestLavie95: checks 
EdgeShade: bets $0.19
Aguinaldo1711: calls $0.19
ALEMONSSS: calls $0.19
CestLavie95: raises $0.49 to $0.68
EdgeShade: folds 
Aguinaldo1711: calls $0.49
ALEMONSSS: calls $0.49
*** TURN *** [Jd Ad Qh] [Kd]
CestLavie95: bets $0.66
Aguinaldo1711: calls $0.66
ALEMONSSS: raises $0.46 to $1.12 and is all-in
CestLavie95: calls $0.46
Aguinaldo1711: calls $0.46
*** RIVER *** [Jd Ad Qh Kd] [Td]
CestLavie95: bets $1.33 and is all-in
Aguinaldo1711: calls $1.33
*** SHOW DOWN ***
CestLavie95: shows [Ah Qs] (a straight, Ten to Ace)
Aguinaldo1711: shows [Tc Jc] (a straight, Ten to Ace)
CestLavie95 collected $1.29 from side pot
Aguinaldo1711 collected $1.28 from side pot
ALEMONSSS: shows [Ts Js] (a straight, Ten to Ace)
CestLavie95 collected $1.96 from main pot
Aguinaldo1711 collected $1.96 from main pot
ALEMONSSS collected $1.96 from main pot
*** SUMMARY ***
Total pot $8.75 Main pot $5.88. Side pot $2.57. | Rake $0.30 
Board [Jd Ad Qh Kd Td]
Seat 1: INTIMIDATOR69 folded before Flop (didn't bet)
Seat 2: ALEMONSSS showed [Ts Js] and won ($1.96) with a straight, Ten to Ace
Seat 3: Canguru19 folded before Flop (didn't bet)
Seat 4: dito44156 folded before Flop (didn't bet)
Seat 5: damian9002 folded before Flop (didn't bet)
Seat 6: Dorex2007 (button) folded before Flop (didn't bet)
Seat 7: CestLavie95 (small blind) showed [Ah Qs] and won ($3.25) with a straight, Ten to Ace
Seat 8: EdgeShade (big blind) folded on the Flop
Seat 9: Aguinaldo1711 showed [Tc Jc] and won ($3.24) with a straight, Ten to Ace



PokerStars Hand #236910070939:  Hold'em No Limit ($0.01/$0.02 USD) - 2022/06/21 20:50:08 PT [2022/06/21 23:50:08 ET]
Table 'Bianca' 9-max Seat #7 is the button
Seat 1: INTIMIDATOR69 ($1 in chips) 
Seat 2: ALEMONSSS ($1.96 in chips) 
Seat 3: Canguru19 ($1.70 in chips) 
Seat 4: dito44156 ($1.98 in chips) 
Seat 5: damian9002 ($2.03 in chips) 
Seat 6: Dorex2007 ($3.87 in chips) 
Seat 7: CestLavie95 ($3.25 in chips) 
Seat 8: EdgeShade ($1.67 in chips) 
Seat 9: Aguinaldo1711 ($4.81 in chips) 
EdgeShade: posts small blind $0.01
Aguinaldo1711: posts big blind $0.02
*** HOLE CARDS ***
Dealt to Dorex2007 [3s 8c]
INTIMIDATOR69: calls $0.02
ALEMONSSS: calls $0.02
Canguru19: calls $0.02
dito44156: calls $0.02
damian9002: folds 
Dorex2007: folds 
CestLavie95: folds 
EdgeShade: folds 
Aguinaldo1711: raises $0.02 to $0.04
INTIMIDATOR69: calls $0.02
ALEMONSSS: calls $0.02
Canguru19: calls $0.02
dito44156: calls $0.02
*** FLOP *** [9c Jh 5s]
Aguinaldo1711: checks 
INTIMIDATOR69: checks 
ALEMONSSS: bets $0.08
Canguru19: folds 
dito44156: calls $0.08
Aguinaldo1711: calls $0.08
INTIMIDATOR69: folds 
*** TURN *** [9c Jh 5s] [5d]
Aguinaldo1711: checks 
ALEMONSSS: bets $0.08
dito44156: raises $0.08 to $0.16
Aguinaldo1711: folds 
ALEMONSSS: calls $0.08
*** RIVER *** [9c Jh 5s 5d] [Js]
ALEMONSSS: checks 
dito44156: bets $0.60
ALEMONSSS: folds 
Uncalled bet ($0.60) returned to dito44156
dito44156 collected $0.74 from pot
*** SUMMARY ***
Total pot $0.77 | Rake $0.03 
Board [9c Jh 5s 5d Js]
Seat 1: INTIMIDATOR69 folded on the Flop
Seat 2: ALEMONSSS folded on the River
Seat 3: Canguru19 folded on the Flop
Seat 4: dito44156 collected ($0.74)
Seat 5: damian9002 folded before Flop (didn't bet)
Seat 6: Dorex2007 folded before Flop (didn't bet)
Seat 7: CestLavie95 (button) folded before Flop (didn't bet)
Seat 8: EdgeShade (small blind) folded before Flop
Seat 9: Aguinaldo1711 (big blind) folded on the Turn



PokerStars Hand #236910084827:  Hold'em No Limit ($0.01/$0.02 USD) - 2022/06/21 20:51:46 PT [2022/06/21 23:51:46 ET]
Table 'Bianca' 9-max Seat #8 is the button
Seat 1: INTIMIDATOR69 ($1 in chips) 
Seat 2: ALEMONSSS ($1.68 in chips) 
Seat 3: Canguru19 ($1.66 in chips) 
Seat 4: dito44156 ($2.44 in chips) 
Seat 5: damian9002 ($2.03 in chips) 
Seat 6: Dorex2007 ($3.87 in chips) 
Seat 7: CestLavie95 ($3.25 in chips) 
Seat 8: EdgeShade ($1.66 in chips) 
Seat 9: Aguinaldo1711 ($4.69 in chips) 
Aguinaldo1711: posts small blind $0.01
INTIMIDATOR69: posts big blind $0.02
*** HOLE CARDS ***
Dealt to Dorex2007 [2c Ks]
ALEMONSSS: calls $0.02
Canguru19: calls $0.02
dito44156: folds 
damian9002: folds 
Dorex2007: folds 
CestLavie95: folds 
EdgeShade: calls $0.02
Aguinaldo1711: calls $0.01
INTIMIDATOR69: checks 
*** FLOP *** [Qd Ad Js]
Aguinaldo1711: checks 
INTIMIDATOR69: checks 
ALEMONSSS: bets $0.02
Canguru19: calls $0.02
EdgeShade: calls $0.02
Aguinaldo1711: folds 
INTIMIDATOR69: calls $0.02
*** TURN *** [Qd Ad Js] [Jh]
INTIMIDATOR69: checks 
ALEMONSSS: bets $0.06
Canguru19: calls $0.06
EdgeShade: calls $0.06
INTIMIDATOR69: calls $0.06
*** RIVER *** [Qd Ad Js Jh] [Th]
INTIMIDATOR69: checks 
ALEMONSSS: bets $0.06
Canguru19: calls $0.06
EdgeShade: calls $0.06
INTIMIDATOR69: folds 
*** SHOW DOWN ***
ALEMONSSS: shows [2h Ah] (two pair, Aces and Jacks)
Canguru19: shows [Qs Kc] (a straight, Ten to Ace)
EdgeShade: mucks hand 
Canguru19 collected $0.58 from pot
*** SUMMARY ***
Total pot $0.60 | Rake $0.02 
Board [Qd Ad Js Jh Th]
Seat 1: INTIMIDATOR69 (big blind) folded on the River
Seat 2: ALEMONSSS showed [2h Ah] and lost with two pair, Aces and Jacks
Seat 3: Canguru19 showed [Qs Kc] and won ($0.58) with a straight, Ten to Ace
Seat 4: dito44156 folded before Flop (didn't bet)
Seat 5: damian9002 folded before Flop (didn't bet)
Seat 6: Dorex2007 folded before Flop (didn't bet)
Seat 7: CestLavie95 folded before Flop (didn't bet)
Seat 8: EdgeShade (button) mucked [Qc 6h]
Seat 9: Aguinaldo1711 (small blind) folded on the Flop



PokerStars Hand #236910098787:  Hold'em No Limit ($0.01/$0.02 USD) - 2022/06/21 20:53:28 PT [2022/06/21 23:53:28 ET]
Table 'Bianca' 9-max Seat #9 is the button
Seat 1: INTIMIDATOR69 ($1 in chips) 
Seat 2: ALEMONSSS ($1.52 in chips) 
Seat 3: Canguru19 ($2.08 in chips) 
Seat 4: dito44156 ($2.44 in chips) 
Seat 5: damian9002 ($2.03 in chips) 
Seat 6: Dorex2007 ($3.87 in chips) 
Seat 7: CestLavie95 ($3.25 in chips) 
Seat 8: EdgeShade ($1.50 in chips) 
Seat 9: Aguinaldo1711 ($4.67 in chips) 
INTIMIDATOR69: posts small blind $0.01
ALEMONSSS: posts big blind $0.02
*** HOLE CARDS ***
Dealt to Dorex2007 [Kd Qh]
Canguru19: folds 
dito44156: folds 
damian9002: folds 
Dorex2007: raises $0.04 to $0.06
CestLavie95: raises $0.04 to $0.10
EdgeShade: calls $0.10
Aguinaldo1711: calls $0.10
INTIMIDATOR69: folds 
ALEMONSSS: calls $0.08
Dorex2007: calls $0.04
*** FLOP *** [Th 3h 9c]
ALEMONSSS: checks 
Dorex2007: checks 
CestLavie95: bets $0.49
EdgeShade: folds 
Aguinaldo1711: calls $0.49
ALEMONSSS: calls $0.49
Dorex2007: folds 
*** TURN *** [Th 3h 9c] [Jh]
ALEMONSSS: checks 
CestLavie95: bets $1.04
Aguinaldo1711: calls $1.04
ALEMONSSS: calls $0.93 and is all-in
*** RIVER *** [Th 3h 9c Jh] [5c]
CestLavie95: bets $1.62 and is all-in
Aguinaldo1711: folds 
Uncalled bet ($1.62) returned to CestLavie95
*** SHOW DOWN ***
CestLavie95: shows [Qs Qc] (a pair of Queens)
CestLavie95 collected $0.22 from side pot
ALEMONSSS: shows [9s Ah] (a pair of Nines)
CestLavie95 collected $4.60 from main pot
*** SUMMARY ***
Total pot $4.99 Main pot $4.60. Side pot $0.22. | Rake $0.17 
Board [Th 3h 9c Jh 5c]
Seat 1: INTIMIDATOR69 (small blind) folded before Flop
Seat 2: ALEMONSSS (big blind) showed [9s Ah] and lost with a pair of Nines
Seat 3: Canguru19 folded before Flop (didn't bet)
Seat 4: dito44156 folded before Flop (didn't bet)
Seat 5: damian9002 folded before Flop (didn't bet)
Seat 6: Dorex2007 folded on the Flop
Seat 7: CestLavie95 showed [Qs Qc] and won ($4.82) with a pair of Queens
Seat 8: EdgeShade folded on the Flop
Seat 9: Aguinaldo1711 (button) folded on the River



PokerStars Hand #236910111465:  Hold'em No Limit ($0.01/$0.02 USD) - 2022/06/21 20:54:59 PT [2022/06/21 23:54:59 ET]
Table 'Bianca' 9-max Seat #1 is the button
Seat 1: INTIMIDATOR69 ($1 in chips) 
Seat 3: Canguru19 ($2.08 in chips) 
Seat 4: dito44156 ($2.44 in chips) 
Seat 5: damian9002 ($2.03 in chips) 
Seat 6: Dorex2007 ($3.77 in chips) 
Seat 7: CestLavie95 ($6.44 in chips) 
Seat 8: EdgeShade ($1.40 in chips) 
Seat 9: Aguinaldo1711 ($3.04 in chips) 
Canguru19: posts small blind $0.01
dito44156: posts big blind $0.02
*** HOLE CARDS ***
Dealt to Dorex2007 [Ah 8c]
damian9002: folds 
Dorex2007: folds 
CestLavie95: folds 
EdgeShade: folds 
Aguinaldo1711: calls $0.02
INTIMIDATOR69: folds 
Canguru19: calls $0.01
dito44156: checks 
*** FLOP *** [Jc 6d Ac]
Canguru19: checks 
dito44156: checks 
Aguinaldo1711: bets $0.03
Canguru19: calls $0.03
dito44156: folds 
*** TURN *** [Jc 6d Ac] [Qh]
Canguru19: checks 
Aguinaldo1711: bets $0.12
Canguru19: calls $0.12
*** RIVER *** [Jc 6d Ac Qh] [Qd]
Canguru19: checks 
Aguinaldo1711: bets $0.35
Canguru19: calls $0.35
*** SHOW DOWN ***
Aguinaldo1711: shows [6c 9d] (two pair, Queens and Sixes)
Canguru19: shows [5d As] (two pair, Aces and Queens)
Canguru19 collected $1.02 from pot
*** SUMMARY ***
Total pot $1.06 | Rake $0.04 
Board [Jc 6d Ac Qh Qd]
Seat 1: INTIMIDATOR69 (button) folded before Flop (didn't bet)
Seat 3: Canguru19 (small blind) showed [5d As] and won ($1.02) with two pair, Aces and Queens
Seat 4: dito44156 (big blind) folded on the Flop
Seat 5: damian9002 folded before Flop (didn't bet)
Seat 6: Dorex2007 folded before Flop (didn't bet)
Seat 7: CestLavie95 folded before Flop (didn't bet)
Seat 8: EdgeShade folded before Flop (didn't bet)
Seat 9: Aguinaldo1711 showed [6c 9d] and lost with two pair, Queens and Sixes



PokerStars Hand #236910118266:  Hold'em No Limit ($0.01/$0.02 USD) - 2022/06/21 20:55:56 PT [2022/06/21 23:55:56 ET]
Table 'Bianca' 9-max Seat #3 is the button
Seat 1: INTIMIDATOR69 ($1 in chips) 
Seat 2: ALEMONSSS ($2 in chips) 
Seat 3: Canguru19 ($2.58 in chips) 
Seat 4: dito44156 ($2.42 in chips) 
Seat 5: damian9002 ($2.03 in chips) 
Seat 6: Dorex2007 ($3.77 in chips) 
Seat 7: CestLavie95 ($6.44 in chips) 
Seat 8: EdgeShade ($1.40 in chips) 
Seat 9: Aguinaldo1711 ($2.52 in chips) 
dito44156: posts small blind $0.01
damian9002: posts big blind $0.02
ALEMONSSS: posts small blind $0.01
*** HOLE CARDS ***
Dealt to Dorex2007 [4d Td]
Dorex2007: folds 
CestLavie95: raises $0.04 to $0.06
EdgeShade: calls $0.06
Aguinaldo1711: calls $0.06
INTIMIDATOR69: folds 
ALEMONSSS: folds 
Canguru19: folds 
dito44156: folds 
damian9002: folds 
*** FLOP *** [6d 2h As]
CestLavie95: bets $0.05
EdgeShade: calls $0.05
Aguinaldo1711: folds 
*** TURN *** [6d 2h As] [8s]
CestLavie95: bets $0.08
EdgeShade: folds 
Uncalled bet ($0.08) returned to CestLavie95
CestLavie95 collected $0.31 from pot
CestLavie95: doesn't show hand 
*** SUMMARY ***
Total pot $0.32 | Rake $0.01 
Board [6d 2h As 8s]
Seat 1: INTIMIDATOR69 folded before Flop (didn't bet)
Seat 2: ALEMONSSS folded before Flop (didn't bet)
Seat 3: Canguru19 (button) folded before Flop (didn't bet)
Seat 4: dito44156 (small blind) folded before Flop
Seat 5: damian9002 (big blind) folded before Flop
Seat 6: Dorex2007 folded before Flop (didn't bet)
Seat 7: CestLavie95 collected ($0.31)
Seat 8: EdgeShade folded on the Turn
Seat 9: Aguinaldo1711 folded on the Flop



PokerStars Hand #236910123785:  Hold'em No Limit ($0.01/$0.02 USD) - 2022/06/21 20:56:43 PT [2022/06/21 23:56:43 ET]
Table 'Bianca' 9-max Seat #4 is the button
Seat 2: ALEMONSSS ($1.99 in chips) 
Seat 3: Canguru19 ($2.58 in chips) 
Seat 4: dito44156 ($2.41 in chips) 
Seat 5: damian9002 ($2.01 in chips) 
Seat 6: Dorex2007 ($3.77 in chips) 
Seat 7: CestLavie95 ($6.64 in chips) 
Seat 8: EdgeShade ($1.29 in chips) 
Seat 9: Aguinaldo1711 ($2.46 in chips) 
damian9002: posts small blind $0.01
Dorex2007: posts big blind $0.02
*** HOLE CARDS ***
Dealt to Dorex2007 [6c 6h]
CestLavie95: folds 
EdgeShade: folds 
Aguinaldo1711: calls $0.02
ALEMONSSS: calls $0.02
Canguru19: folds 
dito44156: folds 
damian9002: calls $0.01
Dorex2007: checks 
*** FLOP *** [Ks 4d 3c]
damian9002: checks 
Dorex2007: checks 
Aguinaldo1711: bets $0.02
ALEMONSSS: calls $0.02
damian9002: calls $0.02
Dorex2007: calls $0.02
*** TURN *** [Ks 4d 3c] [4s]
damian9002: checks 
Dorex2007: checks 
Aguinaldo1711: bets $0.02
ALEMONSSS: calls $0.02
damian9002: raises $0.12 to $0.14
Dorex2007: folds 
Aguinaldo1711: calls $0.12
ALEMONSSS: calls $0.12
*** RIVER *** [Ks 4d 3c 4s] [Ah]
damian9002: bets $0.31
Aguinaldo1711: calls $0.31
ALEMONSSS: folds 
*** SHOW DOWN ***
damian9002: shows [As Th] (two pair, Aces and Fours)
Aguinaldo1711: mucks hand 
damian9002 collected $1.16 from pot
*** SUMMARY ***
Total pot $1.20 | Rake $0.04 
Board [Ks 4d 3c 4s Ah]
Seat 2: ALEMONSSS folded on the River
Seat 3: Canguru19 folded before Flop (didn't bet)
Seat 4: dito44156 (button) folded before Flop (didn't bet)
Seat 5: damian9002 (small blind) showed [As Th] and won ($1.16) with two pair, Aces and Fours
Seat 6: Dorex2007 (big blind) folded on the Turn
Seat 7: CestLavie95 folded before Flop (didn't bet)
Seat 8: EdgeShade folded before Flop (didn't bet)
Seat 9: Aguinaldo1711 mucked [9d Kh]



PokerStars Hand #236910132544:  Hold'em No Limit ($0.01/$0.02 USD) - 2022/06/21 20:57:54 PT [2022/06/21 23:57:54 ET]
Table 'Bianca' 9-max Seat #5 is the button
Seat 2: ALEMONSSS ($1.81 in chips) 
Seat 3: Canguru19 ($2.58 in chips) 
Seat 4: dito44156 ($2.41 in chips) 
Seat 5: damian9002 ($2.68 in chips) 
Seat 6: Dorex2007 ($3.73 in chips) 
Seat 7: CestLavie95 ($6.64 in chips) 
Seat 8: EdgeShade ($1.29 in chips) 
Seat 9: Aguinaldo1711 ($1.97 in chips) 
Dorex2007: posts small blind $0.01
CestLavie95: posts big blind $0.02
*** HOLE CARDS ***
Dealt to Dorex2007 [Tc 6d]
EdgeShade: folds 
Aguinaldo1711: calls $0.02
ALEMONSSS: calls $0.02
Canguru19: calls $0.02
dito44156: folds 
damian9002: folds 
Dorex2007: folds 
CestLavie95: checks 
*** FLOP *** [Js 5c 8d]
CestLavie95: checks 
Aguinaldo1711: checks 
ALEMONSSS: checks 
Canguru19: bets $0.04
CestLavie95: folds 
Aguinaldo1711: calls $0.04
ALEMONSSS: folds 
*** TURN *** [Js 5c 8d] [2c]
Aguinaldo1711: bets $0.16
Canguru19: raises $0.16 to $0.32
Aguinaldo1711: calls $0.16
*** RIVER *** [Js 5c 8d 2c] [9d]
Aguinaldo1711: bets $0.78
Canguru19: raises $1.42 to $2.20 and is all-in
Aguinaldo1711: calls $0.81 and is all-in
Uncalled bet ($0.61) returned to Canguru19
*** SHOW DOWN ***
Canguru19: shows [5s 5h] (three of a kind, Fives)
Aguinaldo1711: shows [9s 8h] (two pair, Nines and Eights)
Canguru19 collected $3.85 from pot
*** SUMMARY ***
Total pot $3.99 | Rake $0.14 
Board [Js 5c 8d 2c 9d]
Seat 2: ALEMONSSS folded on the Flop
Seat 3: Canguru19 showed [5s 5h] and won ($3.85) with three of a kind, Fives
Seat 4: dito44156 folded before Flop (didn't bet)
Seat 5: damian9002 (button) folded before Flop (didn't bet)
Seat 6: Dorex2007 (small blind) folded before Flop
Seat 7: CestLavie95 (big blind) folded on the Flop
Seat 8: EdgeShade folded before Flop (didn't bet)
Seat 9: Aguinaldo1711 showed [9s 8h] and lost with two pair, Nines and Eights



PokerStars Hand #236910141062:  Hold'em No Limit ($0.01/$0.02 USD) - 2022/06/21 20:59:06 PT [2022/06/21 23:59:06 ET]
Table 'Bianca' 9-max Seat #6 is the button
Seat 2: ALEMONSSS ($1.79 in chips) 
Seat 3: Canguru19 ($4.46 in chips) 
Seat 4: dito44156 ($2.41 in chips) 
Seat 5: damian9002 ($2.68 in chips) 
Seat 6: Dorex2007 ($3.72 in chips) 
Seat 7: CestLavie95 ($6.62 in chips) 
Seat 8: EdgeShade ($2 in chips) 
CestLavie95: posts small blind $0.01
EdgeShade: posts big blind $0.02
*** HOLE CARDS ***
Dealt to Dorex2007 [Ah Qh]
ALEMONSSS: calls $0.02
Canguru19: folds 
dito44156: calls $0.02
damian9002: calls $0.02
Dorex2007: raises $0.04 to $0.06
CestLavie95: folds 
EdgeShade: calls $0.04
ALEMONSSS: calls $0.04
dito44156: calls $0.04
damian9002: calls $0.04
*** FLOP *** [Ts 3h 4c]
EdgeShade: checks 
ALEMONSSS: checks 
dito44156: checks 
damian9002: checks 
Dorex2007: checks 
*** TURN *** [Ts 3h 4c] [8s]
EdgeShade: checks 
ALEMONSSS: checks 
dito44156: checks 
damian9002: bets $0.09
Dorex2007: folds 
EdgeShade: calls $0.09
ALEMONSSS: calls $0.09
dito44156: folds 
*** RIVER *** [Ts 3h 4c 8s] [5h]
EdgeShade: bets $0.32
ALEMONSSS: folds 
damian9002: folds 
Uncalled bet ($0.32) returned to EdgeShade
EdgeShade collected $0.56 from pot
*** SUMMARY ***
Total pot $0.58 | Rake $0.02 
Board [Ts 3h 4c 8s 5h]
Seat 2: ALEMONSSS folded on the River
Seat 3: Canguru19 folded before Flop (didn't bet)
Seat 4: dito44156 folded on the Turn
Seat 5: damian9002 folded on the River
Seat 6: Dorex2007 (button) folded on the Turn
Seat 7: CestLavie95 (small blind) folded before Flop
Seat 8: EdgeShade (big blind) collected ($0.56)



