PokerStars Hand #234046821909:  Hold'em No Limit ($0.01/$0.02 USD) - 2022/02/13 13:27:13 PT [2022/02/13 16:27:13 ET]
Table 'Bahner III' 9-max Seat #9 is the button
Seat 1: DonD13 ($0.70 in chips) 
Seat 2: 3D2Yy ($1.79 in chips) 
Seat 3: Artishell ($2 in chips) 
Seat 4: BiM-WiNNeR ($2.02 in chips) 
Seat 5: 76_Schweppes ($1.76 in chips) 
Seat 6: BenzJaguar ($1.94 in chips) 
Seat 7: Dorex2007 ($2 in chips) 
Seat 8: dbeex ($3.32 in chips) 
Seat 9: ManEdgeR ($2.03 in chips) 
DonD13: posts small blind $0.01
3D2Yy: posts big blind $0.02
Dorex2007: posts big blind $0.02
*** HOLE CARDS ***
Dealt to Dorex2007 [4s 2d]
Artishell: folds 
BiM-WiNNeR: raises $0.06 to $0.08
76_Schweppes: folds 
BenzJaguar: raises $0.06 to $0.14
Dorex2007: folds 
dbeex: folds 
ManEdgeR: folds 
DonD13: folds 
3D2Yy: folds 
BiM-WiNNeR: calls $0.06
*** FLOP *** [3h Ad 4h]
BiM-WiNNeR: checks 
BenzJaguar: bets $0.18
BiM-WiNNeR: calls $0.18
*** TURN *** [3h Ad 4h] [Qs]
BiM-WiNNeR: checks 
BenzJaguar: bets $0.33
BiM-WiNNeR: folds 
Uncalled bet ($0.33) returned to BenzJaguar
BenzJaguar collected $0.67 from pot
BenzJaguar: doesn't show hand 
*** SUMMARY ***
Total pot $0.69 | Rake $0.02 
Board [3h Ad 4h Qs]
Seat 1: DonD13 (small blind) folded before Flop
Seat 2: 3D2Yy (big blind) folded before Flop
Seat 3: Artishell folded before Flop (didn't bet)
Seat 4: BiM-WiNNeR folded on the Turn
Seat 5: 76_Schweppes folded before Flop (didn't bet)
Seat 6: BenzJaguar collected ($0.67)
Seat 7: Dorex2007 folded before Flop (didn't bet)
Seat 8: dbeex folded before Flop (didn't bet)
Seat 9: ManEdgeR (button) folded before Flop (didn't bet)



PokerStars Hand #234046869466:  Hold'em No Limit ($0.01/$0.02 USD) - 2022/02/13 13:28:28 PT [2022/02/13 16:28:28 ET]
Table 'Bahner III' 9-max Seat #1 is the button
Seat 1: DonD13 ($0.69 in chips) 
Seat 2: 3D2Yy ($1.77 in chips) 
Seat 3: Artishell ($2 in chips) 
Seat 4: BiM-WiNNeR ($2 in chips) 
Seat 5: 76_Schweppes ($1.76 in chips) 
Seat 6: BenzJaguar ($2.29 in chips) 
Seat 7: Dorex2007 ($2 in chips) 
Seat 8: dbeex ($3.32 in chips) 
Seat 9: ManEdgeR ($2.03 in chips) 
3D2Yy: posts small blind $0.01
Artishell: posts big blind $0.02
*** HOLE CARDS ***
Dealt to Dorex2007 [Ks 7c]
BiM-WiNNeR: folds 
76_Schweppes: folds 
BenzJaguar: raises $0.04 to $0.06
Dorex2007: folds 
dbeex: folds 
ManEdgeR: calls $0.06
DonD13: folds 
3D2Yy: folds 
Artishell: folds 
*** FLOP *** [6s 3h 3d]
BenzJaguar: checks 
ManEdgeR: bets $0.02
BenzJaguar: folds 
Uncalled bet ($0.02) returned to ManEdgeR
ManEdgeR collected $0.14 from pot
ManEdgeR: doesn't show hand 
*** SUMMARY ***
Total pot $0.15 | Rake $0.01 
Board [6s 3h 3d]
Seat 1: DonD13 (button) folded before Flop (didn't bet)
Seat 2: 3D2Yy (small blind) folded before Flop
Seat 3: Artishell (big blind) folded before Flop
Seat 4: BiM-WiNNeR folded before Flop (didn't bet)
Seat 5: 76_Schweppes folded before Flop (didn't bet)
Seat 6: BenzJaguar folded on the Flop
Seat 7: Dorex2007 folded before Flop (didn't bet)
Seat 8: dbeex folded before Flop (didn't bet)
Seat 9: ManEdgeR collected ($0.14)



PokerStars Hand #234046892554:  Hold'em No Limit ($0.01/$0.02 USD) - 2022/02/13 13:29:05 PT [2022/02/13 16:29:05 ET]
Table 'Bahner III' 9-max Seat #2 is the button
Seat 1: DonD13 ($0.69 in chips) 
Seat 2: 3D2Yy ($1.76 in chips) 
Seat 3: Artishell ($2 in chips) 
Seat 4: BiM-WiNNeR ($2 in chips) 
Seat 5: 76_Schweppes ($1.76 in chips) 
Seat 6: BenzJaguar ($2.23 in chips) 
Seat 7: Dorex2007 ($2 in chips) 
Seat 8: dbeex ($3.32 in chips) 
Seat 9: ManEdgeR ($2.11 in chips) 
Artishell: posts small blind $0.01
BiM-WiNNeR: posts big blind $0.02
*** HOLE CARDS ***
Dealt to Dorex2007 [Kd 3c]
76_Schweppes: folds 
BenzJaguar: folds 
Dorex2007: folds 
dbeex: raises $0.02 to $0.04
ManEdgeR: folds 
DonD13: folds 
3D2Yy: calls $0.04
Artishell: folds 
BiM-WiNNeR: folds 
*** FLOP *** [2c 6s Qd]
dbeex: bets $0.07
3D2Yy: folds 
Uncalled bet ($0.07) returned to dbeex
dbeex collected $0.11 from pot
*** SUMMARY ***
Total pot $0.11 | Rake $0 
Board [2c 6s Qd]
Seat 1: DonD13 folded before Flop (didn't bet)
Seat 2: 3D2Yy (button) folded on the Flop
Seat 3: Artishell (small blind) folded before Flop
Seat 4: BiM-WiNNeR (big blind) folded before Flop
Seat 5: 76_Schweppes folded before Flop (didn't bet)
Seat 6: BenzJaguar folded before Flop (didn't bet)
Seat 7: Dorex2007 folded before Flop (didn't bet)
Seat 8: dbeex collected ($0.11)
Seat 9: ManEdgeR folded before Flop (didn't bet)



PokerStars Hand #234046946678:  Hold'em No Limit ($0.01/$0.02 USD) - 2022/02/13 13:30:20 PT [2022/02/13 16:30:20 ET]
Table 'Bahner III' 9-max Seat #3 is the button
Seat 1: DonD13 ($0.69 in chips) 
Seat 2: 3D2Yy ($1.72 in chips) 
Seat 3: Artishell ($2 in chips) 
Seat 4: BiM-WiNNeR ($2 in chips) 
Seat 5: 76_Schweppes ($1.76 in chips) 
Seat 6: BenzJaguar ($2.23 in chips) 
Seat 7: Dorex2007 ($2 in chips) 
Seat 8: dbeex ($3.39 in chips) 
Seat 9: ManEdgeR ($2.11 in chips) 
BiM-WiNNeR: posts small blind $0.01
76_Schweppes: posts big blind $0.02
*** HOLE CARDS ***
Dealt to Dorex2007 [Qd 2c]
BenzJaguar: folds 
Dorex2007: folds 
dbeex has timed out
dbeex: folds 
ManEdgeR: folds 
DonD13: folds 
3D2Yy: folds 
Artishell: folds 
dbeex leaves the table
BiM-WiNNeR: raises $0.04 to $0.06
76_Schweppes: calls $0.04
*** FLOP *** [3d 6s 4s]
BiM-WiNNeR: bets $0.08
conej joins the table at seat #8 
76_Schweppes: folds 
Uncalled bet ($0.08) returned to BiM-WiNNeR
BiM-WiNNeR collected $0.12 from pot
BiM-WiNNeR: doesn't show hand 
*** SUMMARY ***
Total pot $0.12 | Rake $0 
Board [3d 6s 4s]
Seat 1: DonD13 folded before Flop (didn't bet)
Seat 2: 3D2Yy folded before Flop (didn't bet)
Seat 3: Artishell (button) folded before Flop (didn't bet)
Seat 4: BiM-WiNNeR (small blind) collected ($0.12)
Seat 5: 76_Schweppes (big blind) folded on the Flop
Seat 6: BenzJaguar folded before Flop (didn't bet)
Seat 7: Dorex2007 folded before Flop (didn't bet)
Seat 8: dbeex folded before Flop (didn't bet)
Seat 9: ManEdgeR folded before Flop (didn't bet)



PokerStars Hand #234046982131:  Hold'em No Limit ($0.01/$0.02 USD) - 2022/02/13 13:31:17 PT [2022/02/13 16:31:17 ET]
Table 'Bahner III' 9-max Seat #4 is the button
Seat 1: DonD13 ($0.69 in chips) 
Seat 2: 3D2Yy ($1.72 in chips) 
Seat 3: Artishell ($2 in chips) 
Seat 4: BiM-WiNNeR ($2.06 in chips) 
Seat 5: 76_Schweppes ($1.70 in chips) 
Seat 6: BenzJaguar ($2.23 in chips) 
Seat 7: Dorex2007 ($2 in chips) 
Seat 9: ManEdgeR ($2.11 in chips) 
76_Schweppes: posts small blind $0.01
BenzJaguar: posts big blind $0.02
conej: sits out 
*** HOLE CARDS ***
Dealt to Dorex2007 [Qh Qc]
Dorex2007: raises $0.04 to $0.06
ManEdgeR: calls $0.06
DonD13: folds 
3D2Yy: folds 
Artishell: folds 
BiM-WiNNeR: folds 
76_Schweppes: folds 
BenzJaguar: folds 
*** FLOP *** [Kh Ad 6d]
Dorex2007: checks 
ManEdgeR: bets $0.07
Dorex2007: folds 
Uncalled bet ($0.07) returned to ManEdgeR
ManEdgeR collected $0.14 from pot
ManEdgeR: doesn't show hand 
*** SUMMARY ***
Total pot $0.15 | Rake $0.01 
Board [Kh Ad 6d]
Seat 1: DonD13 folded before Flop (didn't bet)
Seat 2: 3D2Yy folded before Flop (didn't bet)
Seat 3: Artishell folded before Flop (didn't bet)
Seat 4: BiM-WiNNeR (button) folded before Flop (didn't bet)
Seat 5: 76_Schweppes (small blind) folded before Flop
Seat 6: BenzJaguar (big blind) folded before Flop
Seat 7: Dorex2007 folded on the Flop
Seat 9: ManEdgeR collected ($0.14)



PokerStars Hand #234047007872:  Hold'em No Limit ($0.01/$0.02 USD) - 2022/02/13 13:31:43 PT [2022/02/13 16:31:43 ET]
Table 'Bahner III' 9-max Seat #5 is the button
Seat 1: DonD13 ($0.69 in chips) 
Seat 2: 3D2Yy ($1.72 in chips) 
Seat 3: Artishell ($2 in chips) 
Seat 4: BiM-WiNNeR ($2.06 in chips) 
Seat 5: 76_Schweppes ($1.69 in chips) 
Seat 6: BenzJaguar ($2.21 in chips) 
Seat 7: Dorex2007 ($2 in chips) 
Seat 9: ManEdgeR ($2.19 in chips) 
BenzJaguar: posts small blind $0.01
Dorex2007: posts big blind $0.02
conej: sits out 
*** HOLE CARDS ***
Dealt to Dorex2007 [Ad 9h]
ManEdgeR: folds 
DonD13: folds 
3D2Yy: folds 
Artishell: folds 
BiM-WiNNeR: raises $0.04 to $0.06
76_Schweppes: folds 
BenzJaguar: calls $0.05
Dorex2007: folds 
*** FLOP *** [8h 9s 6c]
BenzJaguar: checks 
BiM-WiNNeR: bets $0.09
BenzJaguar: calls $0.09
*** TURN *** [8h 9s 6c] [9c]
BenzJaguar: checks 
BiM-WiNNeR: bets $0.18
BenzJaguar: folds 
Uncalled bet ($0.18) returned to BiM-WiNNeR
BiM-WiNNeR collected $0.31 from pot
BiM-WiNNeR: doesn't show hand 
*** SUMMARY ***
Total pot $0.32 | Rake $0.01 
Board [8h 9s 6c 9c]
Seat 1: DonD13 folded before Flop (didn't bet)
Seat 2: 3D2Yy folded before Flop (didn't bet)
Seat 3: Artishell folded before Flop (didn't bet)
Seat 4: BiM-WiNNeR collected ($0.31)
Seat 5: 76_Schweppes (button) folded before Flop (didn't bet)
Seat 6: BenzJaguar (small blind) folded on the Turn
Seat 7: Dorex2007 (big blind) folded before Flop
Seat 9: ManEdgeR folded before Flop (didn't bet)



PokerStars Hand #234047044163:  Hold'em No Limit ($0.01/$0.02 USD) - 2022/02/13 13:32:40 PT [2022/02/13 16:32:40 ET]
Table 'Bahner III' 9-max Seat #6 is the button
Seat 1: DonD13 ($0.69 in chips) 
Seat 2: 3D2Yy ($1.72 in chips) 
Seat 3: Artishell ($2 in chips) 
Seat 4: BiM-WiNNeR ($2.22 in chips) 
Seat 5: 76_Schweppes ($1.69 in chips) 
Seat 6: BenzJaguar ($2.06 in chips) 
Seat 7: Dorex2007 ($2 in chips) 
Seat 8: conej ($2 in chips) 
Seat 9: ManEdgeR ($2.19 in chips) 
Dorex2007: posts small blind $0.01
conej: posts big blind $0.02
*** HOLE CARDS ***
Dealt to Dorex2007 [7s 8d]
ManEdgeR: folds 
DonD13: folds 
3D2Yy: folds 
Artishell: folds 
BiM-WiNNeR: folds 
76_Schweppes: folds 
BenzJaguar: raises $0.06 to $0.08
Dorex2007: folds 
conej: calls $0.06
*** FLOP *** [As 9c 2c]
conej: checks 
BenzJaguar: bets $0.10
conej: calls $0.10
*** TURN *** [As 9c 2c] [Th]
conej: checks 
BenzJaguar: bets $0.18
conej: calls $0.18
*** RIVER *** [As 9c 2c Th] [4c]
conej: checks 
BenzJaguar: bets $0.70
conej: calls $0.70
*** SHOW DOWN ***
BenzJaguar: shows [7c Ac] (a flush, Ace high)
conej: mucks hand 
BenzJaguar collected $2.06 from pot
*** SUMMARY ***
Total pot $2.13 | Rake $0.07 
Board [As 9c 2c Th 4c]
Seat 1: DonD13 folded before Flop (didn't bet)
Seat 2: 3D2Yy folded before Flop (didn't bet)
Seat 3: Artishell folded before Flop (didn't bet)
Seat 4: BiM-WiNNeR folded before Flop (didn't bet)
Seat 5: 76_Schweppes folded before Flop (didn't bet)
Seat 6: BenzJaguar (button) showed [7c Ac] and won ($2.06) with a flush, Ace high
Seat 7: Dorex2007 (small blind) folded before Flop
Seat 8: conej (big blind) mucked [9s Td]
Seat 9: ManEdgeR folded before Flop (didn't bet)



PokerStars Hand #234047079807:  Hold'em No Limit ($0.01/$0.02 USD) - 2022/02/13 13:33:36 PT [2022/02/13 16:33:36 ET]
Table 'Bahner III' 9-max Seat #7 is the button
Seat 1: DonD13 ($0.69 in chips) 
Seat 2: 3D2Yy ($1.72 in chips) 
Seat 3: Artishell ($2 in chips) 
Seat 4: BiM-WiNNeR ($2.22 in chips) 
Seat 5: 76_Schweppes ($1.69 in chips) 
Seat 6: BenzJaguar ($3.06 in chips) 
Seat 7: Dorex2007 ($2 in chips) 
Seat 8: conej ($0.94 in chips) 
Seat 9: ManEdgeR ($2.19 in chips) 
conej: posts small blind $0.01
ManEdgeR: posts big blind $0.02
*** HOLE CARDS ***
Dealt to Dorex2007 [Kh 5s]
DonD13: folds 
3D2Yy: folds 
Artishell: raises $0.05 to $0.07
BiM-WiNNeR: folds 
76_Schweppes: calls $0.07
BenzJaguar: folds 
Dorex2007: folds 
conej: folds 
ManEdgeR: folds 
*** FLOP *** [2s 3s 7h]
Artishell: bets $1.93 and is all-in
76_Schweppes: folds 
Uncalled bet ($1.93) returned to Artishell
Artishell collected $0.16 from pot
Artishell: doesn't show hand 
*** SUMMARY ***
Total pot $0.17 | Rake $0.01 
Board [2s 3s 7h]
Seat 1: DonD13 folded before Flop (didn't bet)
Seat 2: 3D2Yy folded before Flop (didn't bet)
Seat 3: Artishell collected ($0.16)
Seat 4: BiM-WiNNeR folded before Flop (didn't bet)
Seat 5: 76_Schweppes folded on the Flop
Seat 6: BenzJaguar folded before Flop (didn't bet)
Seat 7: Dorex2007 (button) folded before Flop (didn't bet)
Seat 8: conej (small blind) folded before Flop
Seat 9: ManEdgeR (big blind) folded before Flop



PokerStars Hand #234047112692:  Hold'em No Limit ($0.01/$0.02 USD) - 2022/02/13 13:34:29 PT [2022/02/13 16:34:29 ET]
Table 'Bahner III' 9-max Seat #8 is the button
Seat 1: DonD13 ($0.69 in chips) 
Seat 2: 3D2Yy ($1.72 in chips) 
Seat 3: Artishell ($2.09 in chips) 
Seat 4: BiM-WiNNeR ($2.22 in chips) 
Seat 5: 76_Schweppes ($1.62 in chips) 
Seat 6: BenzJaguar ($3.06 in chips) 
Seat 7: Dorex2007 ($2 in chips) 
Seat 8: conej ($1.99 in chips) 
Seat 9: ManEdgeR ($2.17 in chips) 
ManEdgeR: posts small blind $0.01
DonD13: posts big blind $0.02
*** HOLE CARDS ***
Dealt to Dorex2007 [4c 9s]
3D2Yy: folds 
Artishell: folds 
BiM-WiNNeR: folds 
76_Schweppes: folds 
BenzJaguar: calls $0.02
Dorex2007: folds 
conej has timed out
conej: folds 
ManEdgeR: calls $0.01
DonD13: checks 
*** FLOP *** [6s 4h Kd]
ManEdgeR: checks 
DonD13: checks 
BenzJaguar: bets $0.04
ManEdgeR: folds 
DonD13: folds 
Uncalled bet ($0.04) returned to BenzJaguar
BenzJaguar collected $0.06 from pot
BenzJaguar: doesn't show hand 
*** SUMMARY ***
Total pot $0.06 | Rake $0 
Board [6s 4h Kd]
Seat 1: DonD13 (big blind) folded on the Flop
Seat 2: 3D2Yy folded before Flop (didn't bet)
Seat 3: Artishell folded before Flop (didn't bet)
Seat 4: BiM-WiNNeR folded before Flop (didn't bet)
Seat 5: 76_Schweppes folded before Flop (didn't bet)
Seat 6: BenzJaguar collected ($0.06)
Seat 7: Dorex2007 folded before Flop (didn't bet)
Seat 8: conej (button) folded before Flop (didn't bet)
Seat 9: ManEdgeR (small blind) folded on the Flop



PokerStars Hand #234047144021:  Hold'em No Limit ($0.01/$0.02 USD) - 2022/02/13 13:35:19 PT [2022/02/13 16:35:19 ET]
Table 'Bahner III' 9-max Seat #9 is the button
Seat 1: DonD13 ($0.67 in chips) 
Seat 2: 3D2Yy ($1.72 in chips) 
Seat 3: Artishell ($2.09 in chips) 
Seat 4: BiM-WiNNeR ($2.22 in chips) 
Seat 5: 76_Schweppes ($1.62 in chips) 
Seat 6: BenzJaguar ($3.10 in chips) 
Seat 7: Dorex2007 ($2 in chips) 
Seat 9: ManEdgeR ($2.15 in chips) 
DonD13: posts small blind $0.01
3D2Yy: posts big blind $0.02
*** HOLE CARDS ***
Dealt to Dorex2007 [3c 8d]
Artishell: raises $0.05 to $0.07
BiM-WiNNeR: folds 
76_Schweppes: folds 
BenzJaguar: calls $0.07
Dorex2007: folds 
ManEdgeR: folds 
DonD13: folds 
3D2Yy: folds 
*** FLOP *** [5d 9c Kh]
Artishell: bets $0.08
BenzJaguar: calls $0.08
*** TURN *** [5d 9c Kh] [As]
Artishell: bets $0.16
BenzJaguar: calls $0.16
*** RIVER *** [5d 9c Kh As] [3s]
Artishell: bets $0.31
BenzJaguar: folds 
Uncalled bet ($0.31) returned to Artishell
Artishell collected $0.63 from pot
Artishell: doesn't show hand 
*** SUMMARY ***
Total pot $0.65 | Rake $0.02 
Board [5d 9c Kh As 3s]
Seat 1: DonD13 (small blind) folded before Flop
Seat 2: 3D2Yy (big blind) folded before Flop
Seat 3: Artishell collected ($0.63)
Seat 4: BiM-WiNNeR folded before Flop (didn't bet)
Seat 5: 76_Schweppes folded before Flop (didn't bet)
Seat 6: BenzJaguar folded on the River
Seat 7: Dorex2007 folded before Flop (didn't bet)
Seat 9: ManEdgeR (button) folded before Flop (didn't bet)



PokerStars Hand #234047184984:  Hold'em No Limit ($0.01/$0.02 USD) - 2022/02/13 13:36:25 PT [2022/02/13 16:36:25 ET]
Table 'Bahner III' 9-max Seat #1 is the button
Seat 1: DonD13 ($0.66 in chips) 
Seat 2: 3D2Yy ($1.70 in chips) 
Seat 3: Artishell ($2.41 in chips) 
Seat 4: BiM-WiNNeR ($2.22 in chips) 
Seat 5: 76_Schweppes ($1.62 in chips) 
Seat 6: BenzJaguar ($2.79 in chips) 
Seat 7: Dorex2007 ($2 in chips) 
Seat 8: conej ($1.99 in chips) 
Seat 9: ManEdgeR ($2.15 in chips) 
3D2Yy: posts small blind $0.01
Artishell: posts big blind $0.02
*** HOLE CARDS ***
Dealt to Dorex2007 [Ad Ac]
BiM-WiNNeR: folds 
76_Schweppes: folds 
BenzJaguar: folds 
Dorex2007: raises $0.04 to $0.06
conej has timed out
conej: folds 
ManEdgeR: raises $0.06 to $0.12
DonD13: folds 
3D2Yy: folds 
Artishell: folds 
Dorex2007: raises $1.88 to $2 and is all-in
ManEdgeR: calls $1.88
*** FLOP *** [9s 7d 5c]
*** TURN *** [9s 7d 5c] [8c]
*** RIVER *** [9s 7d 5c 8c] [Jc]
*** SHOW DOWN ***
Dorex2007: shows [Ad Ac] (a pair of Aces)
ManEdgeR: shows [Qh Qs] (a pair of Queens)
Dorex2007 cashed out the hand for $3.12 | Cash Out Fee $0.03
*** SUMMARY ***
Total pot $4.03 | Rake $0.14 
Board [9s 7d 5c 8c Jc]
Seat 1: DonD13 (button) folded before Flop (didn't bet)
Seat 2: 3D2Yy (small blind) folded before Flop
Seat 3: Artishell (big blind) folded before Flop
Seat 4: BiM-WiNNeR folded before Flop (didn't bet)
Seat 5: 76_Schweppes folded before Flop (didn't bet)
Seat 6: BenzJaguar folded before Flop (didn't bet)
Seat 7: Dorex2007 showed [Ad Ac] and won ($3.89) with a pair of Aces (pot not awarded as player cashed out)
Seat 8: conej folded before Flop (didn't bet)
Seat 9: ManEdgeR showed [Qh Qs] and lost with a pair of Queens



PokerStars Hand #234047221277:  Hold'em No Limit ($0.01/$0.02 USD) - 2022/02/13 13:37:25 PT [2022/02/13 16:37:25 ET]
Table 'Bahner III' 9-max Seat #2 is the button
Seat 1: DonD13 ($0.66 in chips) 
Seat 2: 3D2Yy ($1.69 in chips) 
Seat 3: Artishell ($2.39 in chips) 
Seat 4: BiM-WiNNeR ($2.22 in chips) 
Seat 5: 76_Schweppes ($1.62 in chips) 
Seat 6: BenzJaguar ($2.79 in chips) 
Seat 7: Dorex2007 ($3.12 in chips) 
Seat 8: conej ($1.99 in chips) 
Seat 9: ManEdgeR ($2 in chips) 
Artishell: posts small blind $0.01
BiM-WiNNeR: posts big blind $0.02
*** HOLE CARDS ***
Dealt to Dorex2007 [Ah Ad]
76_Schweppes has timed out
76_Schweppes: folds 
BenzJaguar: folds 
Dorex2007: raises $0.04 to $0.06
conej: folds 
ManEdgeR: raises $0.15 to $0.21
DonD13: folds 
3D2Yy: raises $0.25 to $0.46
Artishell: folds 
BiM-WiNNeR: folds 
Dorex2007: raises $2.66 to $3.12 and is all-in
ManEdgeR: calls $1.79 and is all-in
3D2Yy: calls $1.23 and is all-in
Uncalled bet ($1.12) returned to Dorex2007
*** FLOP *** [4h Qd 9c]
*** TURN *** [4h Qd 9c] [8c]
*** RIVER *** [4h Qd 9c 8c] [6h]
*** SHOW DOWN ***
Dorex2007: shows [Ah Ad] (a pair of Aces)
ManEdgeR: shows [Jc Jd] (a pair of Jacks)
3D2Yy: shows [Kc Ac] (high card Ace)
3D2Yy cashed out the hand for $0.46
Dorex2007 cashed out the hand for $3.99 | Cash Out Fee $0.04
*** SUMMARY ***
Total pot $5.72 Main pot $4.92. Side pot $0.60. | Rake $0.20 
Board [4h Qd 9c 8c 6h]
Seat 1: DonD13 folded before Flop (didn't bet)
Seat 2: 3D2Yy (button) showed [Kc Ac] and lost with high card Ace (cashed out).
Seat 3: Artishell (small blind) folded before Flop
Seat 4: BiM-WiNNeR (big blind) folded before Flop
Seat 5: 76_Schweppes folded before Flop (didn't bet)
Seat 6: BenzJaguar folded before Flop (didn't bet)
Seat 7: Dorex2007 showed [Ah Ad] and won ($5.52) with a pair of Aces (pot not awarded as player cashed out)
Seat 8: conej folded before Flop (didn't bet)
Seat 9: ManEdgeR showed [Jc Jd] and lost with a pair of Jacks



PokerStars Hand #234047257090:  Hold'em No Limit ($0.01/$0.02 USD) - 2022/02/13 13:38:23 PT [2022/02/13 16:38:23 ET]
Table 'Bahner III' 9-max Seat #3 is the button
Seat 1: DonD13 ($0.66 in chips) 
Seat 2: 3D2Yy ($0.46 in chips) 
Seat 3: Artishell ($2.38 in chips) 
Seat 4: BiM-WiNNeR ($2.20 in chips) 
Seat 5: 76_Schweppes ($1.62 in chips) 
Seat 6: BenzJaguar ($2.79 in chips) 
Seat 7: Dorex2007 ($5.11 in chips) 
Seat 8: conej ($1.99 in chips) 
Seat 9: ManEdgeR ($2 in chips) 
BiM-WiNNeR: posts small blind $0.01
76_Schweppes: posts big blind $0.02
*** HOLE CARDS ***
Dealt to Dorex2007 [Kc 6h]
BenzJaguar: folds 
Dorex2007: folds 
conej: folds 
ManEdgeR: calls $0.02
DonD13: calls $0.02
3D2Yy: folds 
Artishell: folds 
BiM-WiNNeR: folds 
76_Schweppes: checks 
*** FLOP *** [6c Qd 3c]
76_Schweppes: checks 
ManEdgeR: checks 
DonD13: bets $0.02
76_Schweppes: calls $0.02
ManEdgeR: folds 
*** TURN *** [6c Qd 3c] [9h]
76_Schweppes: checks 
DonD13: bets $0.04
76_Schweppes: calls $0.04
*** RIVER *** [6c Qd 3c 9h] [2s]
76_Schweppes: checks 
DonD13: bets $0.08
76_Schweppes: calls $0.08
*** SHOW DOWN ***
DonD13: shows [Ad Qc] (a pair of Queens)
76_Schweppes: mucks hand 
DonD13 collected $0.34 from pot
*** SUMMARY ***
Total pot $0.35 | Rake $0.01 
Board [6c Qd 3c 9h 2s]
Seat 1: DonD13 showed [Ad Qc] and won ($0.34) with a pair of Queens
Seat 2: 3D2Yy folded before Flop (didn't bet)
Seat 3: Artishell (button) folded before Flop (didn't bet)
Seat 4: BiM-WiNNeR (small blind) folded before Flop
Seat 5: 76_Schweppes (big blind) mucked [Js 9c]
Seat 6: BenzJaguar folded before Flop (didn't bet)
Seat 7: Dorex2007 folded before Flop (didn't bet)
Seat 8: conej folded before Flop (didn't bet)
Seat 9: ManEdgeR folded on the Flop



PokerStars Hand #234047291147:  Hold'em No Limit ($0.01/$0.02 USD) - 2022/02/13 13:39:18 PT [2022/02/13 16:39:18 ET]
Table 'Bahner III' 9-max Seat #4 is the button
Seat 1: DonD13 ($0.84 in chips) 
Seat 2: 3D2Yy ($0.46 in chips) 
Seat 3: Artishell ($2.38 in chips) 
Seat 4: BiM-WiNNeR ($2.19 in chips) 
Seat 5: 76_Schweppes ($1.46 in chips) 
Seat 6: BenzJaguar ($2.79 in chips) 
Seat 7: Dorex2007 ($5.11 in chips) 
Seat 8: conej ($1.99 in chips) 
Seat 9: ManEdgeR ($2 in chips) 
76_Schweppes: posts small blind $0.01
BenzJaguar: posts big blind $0.02
*** HOLE CARDS ***
Dealt to Dorex2007 [7h Qd]
Dorex2007: folds 
conej has timed out
conej: folds 
ManEdgeR: calls $0.02
DonD13: folds 
3D2Yy: raises $0.44 to $0.46 and is all-in
Artishell: folds 
BiM-WiNNeR: folds 
76_Schweppes: folds 
BenzJaguar: folds 
ManEdgeR: calls $0.44
*** FLOP *** [Kc Jc 8h]
*** TURN *** [Kc Jc 8h] [3d]
*** RIVER *** [Kc Jc 8h 3d] [7d]
*** SHOW DOWN ***
ManEdgeR: shows [2s 3s] (a pair of Threes)
3D2Yy: shows [9c Ac] (high card Ace)
ManEdgeR collected $0.92 from pot
*** SUMMARY ***
Total pot $0.95 | Rake $0.03 
Board [Kc Jc 8h 3d 7d]
Seat 1: DonD13 folded before Flop (didn't bet)
Seat 2: 3D2Yy showed [9c Ac] and lost with high card Ace
Seat 3: Artishell folded before Flop (didn't bet)
Seat 4: BiM-WiNNeR (button) folded before Flop (didn't bet)
Seat 5: 76_Schweppes (small blind) folded before Flop
Seat 6: BenzJaguar (big blind) folded before Flop
Seat 7: Dorex2007 folded before Flop (didn't bet)
Seat 8: conej folded before Flop (didn't bet)
Seat 9: ManEdgeR showed [2s 3s] and won ($0.92) with a pair of Threes



PokerStars Hand #234047329473:  Hold'em No Limit ($0.01/$0.02 USD) - 2022/02/13 13:40:21 PT [2022/02/13 16:40:21 ET]
Table 'Bahner III' 9-max Seat #5 is the button
Seat 1: DonD13 ($0.84 in chips) 
Seat 3: Artishell ($2.38 in chips) 
Seat 4: BiM-WiNNeR ($2.19 in chips) 
Seat 5: 76_Schweppes ($1.45 in chips) 
Seat 6: BenzJaguar ($2.77 in chips) 
Seat 7: Dorex2007 ($5.11 in chips) 
Seat 8: conej ($1.99 in chips) 
Seat 9: ManEdgeR ($2.46 in chips) 
BenzJaguar: posts small blind $0.01
Dorex2007: posts big blind $0.02
*** HOLE CARDS ***
Dealt to Dorex2007 [4h Kd]
conej: folds 
ManEdgeR: folds 
DonD13: calls $0.02
3D2Yy leaves the table
Artishell: folds 
BiM-WiNNeR: folds 
76_Schweppes: folds 
BenzJaguar: folds 
Dorex2007: checks 
*** FLOP *** [Qd 7h 2h]
Dorex2007: checks 
SpruceS joins the table at seat #2 
DonD13: checks 
*** TURN *** [Qd 7h 2h] [Kh]
Dorex2007: checks 
DonD13: checks 
*** RIVER *** [Qd 7h 2h Kh] [8h]
Dorex2007: checks 
DonD13: checks 
*** SHOW DOWN ***
Dorex2007: shows [4h Kd] (a flush, King high)
DonD13: shows [Th Ac] (a flush, King high - Ten higher)
DonD13 collected $0.05 from pot
*** SUMMARY ***
Total pot $0.05 | Rake $0 
Board [Qd 7h 2h Kh 8h]
Seat 1: DonD13 showed [Th Ac] and won ($0.05) with a flush, King high
Seat 3: Artishell folded before Flop (didn't bet)
Seat 4: BiM-WiNNeR folded before Flop (didn't bet)
Seat 5: 76_Schweppes (button) folded before Flop (didn't bet)
Seat 6: BenzJaguar (small blind) folded before Flop
Seat 7: Dorex2007 (big blind) showed [4h Kd] and lost with a flush, King high
Seat 8: conej folded before Flop (didn't bet)
Seat 9: ManEdgeR folded before Flop (didn't bet)



PokerStars Hand #234047362810:  Hold'em No Limit ($0.01/$0.02 USD) - 2022/02/13 13:41:15 PT [2022/02/13 16:41:15 ET]
Table 'Bahner III' 9-max Seat #6 is the button
Seat 1: DonD13 ($0.87 in chips) 
Seat 3: Artishell ($2.38 in chips) 
Seat 4: BiM-WiNNeR ($2.19 in chips) 
Seat 5: 76_Schweppes ($1.45 in chips) 
Seat 6: BenzJaguar ($2.76 in chips) 
Seat 7: Dorex2007 ($5.09 in chips) 
Seat 8: conej ($1.99 in chips) 
Seat 9: ManEdgeR ($2.46 in chips) 
Dorex2007: posts small blind $0.01
conej: posts big blind $0.02
SpruceS: sits out 
*** HOLE CARDS ***
Dealt to Dorex2007 [Jc Qs]
ManEdgeR: folds 
DonD13: calls $0.02
Artishell: calls $0.02
BiM-WiNNeR: folds 
76_Schweppes: folds 
BenzJaguar: folds 
Dorex2007: calls $0.01
conej: checks 
*** FLOP *** [2s 5h 4d]
Dorex2007: checks 
conej: checks 
DonD13: checks 
Artishell: checks 
*** TURN *** [2s 5h 4d] [Td]
Dorex2007: checks 
conej: checks 
DonD13: checks 
Artishell: checks 
*** RIVER *** [2s 5h 4d Td] [Ts]
Dorex2007: checks 
conej: bets $0.10
DonD13: folds 
Artishell: raises $0.28 to $0.38
Dorex2007: folds 
conej: calls $0.28
*** SHOW DOWN ***
Artishell: shows [5d 5s] (a full house, Fives full of Tens)
conej: mucks hand 
Artishell collected $0.81 from pot
*** SUMMARY ***
Total pot $0.84 | Rake $0.03 
Board [2s 5h 4d Td Ts]
Seat 1: DonD13 folded on the River
Seat 3: Artishell showed [5d 5s] and won ($0.81) with a full house, Fives full of Tens
Seat 4: BiM-WiNNeR folded before Flop (didn't bet)
Seat 5: 76_Schweppes folded before Flop (didn't bet)
Seat 6: BenzJaguar (button) folded before Flop (didn't bet)
Seat 7: Dorex2007 (small blind) folded on the River
Seat 8: conej (big blind) mucked [7s Tc]
Seat 9: ManEdgeR folded before Flop (didn't bet)



PokerStars Hand #234047406201:  Hold'em No Limit ($0.01/$0.02 USD) - 2022/02/13 13:42:27 PT [2022/02/13 16:42:27 ET]
Table 'Bahner III' 9-max Seat #7 is the button
Seat 1: DonD13 ($0.85 in chips) 
Seat 3: Artishell ($2.79 in chips) 
Seat 4: BiM-WiNNeR ($2.19 in chips) 
Seat 5: 76_Schweppes ($1.45 in chips) 
Seat 6: BenzJaguar ($2.76 in chips) 
Seat 7: Dorex2007 ($5.07 in chips) 
Seat 8: conej ($1.59 in chips) 
Seat 9: ManEdgeR ($2.46 in chips) 
conej: posts small blind $0.01
ManEdgeR: posts big blind $0.02
SpruceS: sits out 
*** HOLE CARDS ***
Dealt to Dorex2007 [Ah 4s]
DonD13: folds 
Artishell: folds 
BiM-WiNNeR: folds 
76_Schweppes: raises $0.02 to $0.04
BenzJaguar: raises $0.04 to $0.08
Dorex2007: folds 
conej: folds 
ManEdgeR: folds 
76_Schweppes: calls $0.04
*** FLOP *** [3s Kc Jd]
76_Schweppes: bets $0.06
BenzJaguar: calls $0.06
*** TURN *** [3s Kc Jd] [9s]
76_Schweppes: bets $0.12
BenzJaguar: calls $0.12
*** RIVER *** [3s Kc Jd 9s] [Ts]
76_Schweppes: bets $0.16
BenzJaguar: raises $0.29 to $0.45
76_Schweppes: calls $0.29
*** SHOW DOWN ***
BenzJaguar: shows [Js 7s] (a flush, Jack high)
76_Schweppes: mucks hand 
BenzJaguar collected $1.40 from pot
*** SUMMARY ***
Total pot $1.45 | Rake $0.05 
Board [3s Kc Jd 9s Ts]
Seat 1: DonD13 folded before Flop (didn't bet)
Seat 3: Artishell folded before Flop (didn't bet)
Seat 4: BiM-WiNNeR folded before Flop (didn't bet)
Seat 5: 76_Schweppes mucked [As Kh]
Seat 6: BenzJaguar showed [Js 7s] and won ($1.40) with a flush, Jack high
Seat 7: Dorex2007 (button) folded before Flop (didn't bet)
Seat 8: conej (small blind) folded before Flop
Seat 9: ManEdgeR (big blind) folded before Flop



PokerStars Hand #234047447894:  Hold'em No Limit ($0.01/$0.02 USD) - 2022/02/13 13:43:33 PT [2022/02/13 16:43:33 ET]
Table 'Bahner III' 9-max Seat #8 is the button
Seat 1: DonD13 ($0.85 in chips) 
Seat 3: Artishell ($2.79 in chips) 
Seat 4: BiM-WiNNeR ($2.19 in chips) 
Seat 5: 76_Schweppes ($0.74 in chips) 
Seat 6: BenzJaguar ($3.45 in chips) 
Seat 7: Dorex2007 ($5.07 in chips) 
Seat 8: conej ($1.99 in chips) 
Seat 9: ManEdgeR ($2.44 in chips) 
ManEdgeR: posts small blind $0.01
DonD13: posts big blind $0.02
SpruceS: sits out 
*** HOLE CARDS ***
Dealt to Dorex2007 [3d Kd]
Artishell: folds 
BiM-WiNNeR: raises $0.04 to $0.06
76_Schweppes: calls $0.06
BenzJaguar: calls $0.06
Dorex2007: folds 
conej: folds 
ManEdgeR: folds 
DonD13: folds 
*** FLOP *** [Js Th 3c]
BiM-WiNNeR: bets $0.13
76_Schweppes: calls $0.13
BenzJaguar: calls $0.13
*** TURN *** [Js Th 3c] [Qc]
BiM-WiNNeR: checks 
76_Schweppes: checks 
BenzJaguar: checks 
*** RIVER *** [Js Th 3c Qc] [Ad]
BiM-WiNNeR: checks 
76_Schweppes: checks 
BenzJaguar: checks 
*** SHOW DOWN ***
BiM-WiNNeR: shows [Jh Ac] (two pair, Aces and Jacks)
76_Schweppes: mucks hand 
BenzJaguar: mucks hand 
BiM-WiNNeR collected $0.58 from pot
*** SUMMARY ***
Total pot $0.60 | Rake $0.02 
Board [Js Th 3c Qc Ad]
Seat 1: DonD13 (big blind) folded before Flop
Seat 3: Artishell folded before Flop (didn't bet)
Seat 4: BiM-WiNNeR showed [Jh Ac] and won ($0.58) with two pair, Aces and Jacks
Seat 5: 76_Schweppes mucked [6s 6c]
Seat 6: BenzJaguar mucked [9c Jd]
Seat 7: Dorex2007 folded before Flop (didn't bet)
Seat 8: conej (button) folded before Flop (didn't bet)
Seat 9: ManEdgeR (small blind) folded before Flop



PokerStars Hand #234047488638:  Hold'em No Limit ($0.01/$0.02 USD) - 2022/02/13 13:44:41 PT [2022/02/13 16:44:41 ET]
Table 'Bahner III' 9-max Seat #9 is the button
Seat 1: DonD13 ($0.83 in chips) 
Seat 2: SpruceS ($1.60 in chips) 
Seat 3: Artishell ($2.79 in chips) 
Seat 4: BiM-WiNNeR ($2.58 in chips) 
Seat 5: 76_Schweppes ($0.55 in chips) 
Seat 6: BenzJaguar ($3.26 in chips) 
Seat 7: Dorex2007 ($5.07 in chips) 
Seat 9: ManEdgeR ($2.43 in chips) 
DonD13: posts small blind $0.01
SpruceS: posts big blind $0.02
*** HOLE CARDS ***
Dealt to Dorex2007 [4d 5s]
Artishell: folds 
BiM-WiNNeR: folds 
76_Schweppes: folds 
BenzJaguar has timed out
BenzJaguar: folds 
Dorex2007: folds 
ManEdgeR: folds 
DonD13: folds 
Uncalled bet ($0.01) returned to SpruceS
SpruceS collected $0.02 from pot
SpruceS: doesn't show hand 
*** SUMMARY ***
Total pot $0.02 | Rake $0 
Seat 1: DonD13 (small blind) folded before Flop
Seat 2: SpruceS (big blind) collected ($0.02)
Seat 3: Artishell folded before Flop (didn't bet)
Seat 4: BiM-WiNNeR folded before Flop (didn't bet)
Seat 5: 76_Schweppes folded before Flop (didn't bet)
Seat 6: BenzJaguar folded before Flop (didn't bet)
Seat 7: Dorex2007 folded before Flop (didn't bet)
Seat 9: ManEdgeR (button) folded before Flop (didn't bet)



PokerStars Hand #234047511214:  Hold'em No Limit ($0.01/$0.02 USD) - 2022/02/13 13:45:18 PT [2022/02/13 16:45:18 ET]
Table 'Bahner III' 9-max Seat #1 is the button
Seat 1: DonD13 ($0.82 in chips) 
Seat 2: SpruceS ($1.61 in chips) 
Seat 3: Artishell ($2.79 in chips) 
Seat 4: BiM-WiNNeR ($2.58 in chips) 
Seat 5: 76_Schweppes ($0.55 in chips) 
Seat 6: BenzJaguar ($3.26 in chips) 
Seat 7: Dorex2007 ($5.07 in chips) 
Seat 9: ManEdgeR ($2.43 in chips) 
SpruceS: posts small blind $0.01
Artishell: posts big blind $0.02
*** HOLE CARDS ***
Dealt to Dorex2007 [Td 8d]
BiM-WiNNeR: folds 
76_Schweppes: raises $0.02 to $0.04
BenzJaguar: raises $0.02 to $0.06
Dorex2007: folds 
ManEdgeR: folds 
DonD13: folds 
SpruceS: calls $0.05
Artishell: folds 
76_Schweppes: calls $0.02
*** FLOP *** [Tc 5s 9c]
SpruceS: checks 
76_Schweppes: bets $0.49 and is all-in
BenzJaguar: folds 
SpruceS: folds 
Uncalled bet ($0.49) returned to 76_Schweppes
76_Schweppes collected $0.19 from pot
76_Schweppes: doesn't show hand 
*** SUMMARY ***
Total pot $0.20 | Rake $0.01 
Board [Tc 5s 9c]
Seat 1: DonD13 (button) folded before Flop (didn't bet)
Seat 2: SpruceS (small blind) folded on the Flop
Seat 3: Artishell (big blind) folded before Flop
Seat 4: BiM-WiNNeR folded before Flop (didn't bet)
Seat 5: 76_Schweppes collected ($0.19)
Seat 6: BenzJaguar folded on the Flop
Seat 7: Dorex2007 folded before Flop (didn't bet)
Seat 9: ManEdgeR folded before Flop (didn't bet)



PokerStars Hand #234047546531:  Hold'em No Limit ($0.01/$0.02 USD) - 2022/02/13 13:46:15 PT [2022/02/13 16:46:15 ET]
Table 'Bahner III' 9-max Seat #2 is the button
Seat 1: DonD13 ($0.82 in chips) 
Seat 2: SpruceS ($1.55 in chips) 
Seat 3: Artishell ($2.77 in chips) 
Seat 4: BiM-WiNNeR ($2.58 in chips) 
Seat 5: 76_Schweppes ($0.68 in chips) 
Seat 6: BenzJaguar ($3.20 in chips) 
Seat 7: Dorex2007 ($5.07 in chips) 
Seat 9: ManEdgeR ($2.43 in chips) 
Artishell: posts small blind $0.01
BiM-WiNNeR: posts big blind $0.02
*** HOLE CARDS ***
Dealt to Dorex2007 [3h 9d]
76_Schweppes: folds 
BenzJaguar: folds 
Dorex2007: folds 
ManEdgeR: raises $0.02 to $0.04
DonD13: folds 
SpruceS: folds 
Artishell: folds 
BiM-WiNNeR: folds 
Uncalled bet ($0.02) returned to ManEdgeR
ManEdgeR collected $0.05 from pot
ManEdgeR: doesn't show hand 
*** SUMMARY ***
Total pot $0.05 | Rake $0 
Seat 1: DonD13 folded before Flop (didn't bet)
Seat 2: SpruceS (button) folded before Flop (didn't bet)
Seat 3: Artishell (small blind) folded before Flop
Seat 4: BiM-WiNNeR (big blind) folded before Flop
Seat 5: 76_Schweppes folded before Flop (didn't bet)
Seat 6: BenzJaguar folded before Flop (didn't bet)
Seat 7: Dorex2007 folded before Flop (didn't bet)
Seat 9: ManEdgeR collected ($0.05)



PokerStars Hand #234047557854:  Hold'em No Limit ($0.01/$0.02 USD) - 2022/02/13 13:46:33 PT [2022/02/13 16:46:33 ET]
Table 'Bahner III' 9-max Seat #3 is the button
Seat 1: DonD13 ($0.82 in chips) 
Seat 2: SpruceS ($1.55 in chips) 
Seat 3: Artishell ($2.76 in chips) 
Seat 4: BiM-WiNNeR ($2.56 in chips) 
Seat 5: 76_Schweppes ($0.68 in chips) 
Seat 6: BenzJaguar ($3.20 in chips) 
Seat 7: Dorex2007 ($5.07 in chips) 
Seat 9: ManEdgeR ($2.46 in chips) 
BiM-WiNNeR: posts small blind $0.01
76_Schweppes: posts big blind $0.02
*** HOLE CARDS ***
Dealt to Dorex2007 [Kd 7s]
BenzJaguar: folds 
Dorex2007: folds 
ManEdgeR: folds 
DonD13: folds 
SpruceS: folds 
Artishell: raises $0.02 to $0.04
BiM-WiNNeR: folds 
76_Schweppes: raises $0.02 to $0.06
Artishell: raises $0.34 to $0.40
76_Schweppes: calls $0.34
*** FLOP *** [As 5s 9h]
76_Schweppes: bets $0.28 and is all-in
Artishell: calls $0.28
*** TURN *** [As 5s 9h] [Th]
*** RIVER *** [As 5s 9h Th] [8s]
*** SHOW DOWN ***
76_Schweppes: shows [Jd Ac] (a pair of Aces)
Artishell: shows [Jc Jh] (a pair of Jacks)
76_Schweppes collected $1.32 from pot
*** SUMMARY ***
Total pot $1.37 | Rake $0.05 
Board [As 5s 9h Th 8s]
Seat 1: DonD13 folded before Flop (didn't bet)
Seat 2: SpruceS folded before Flop (didn't bet)
Seat 3: Artishell (button) showed [Jc Jh] and lost with a pair of Jacks
Seat 4: BiM-WiNNeR (small blind) folded before Flop
Seat 5: 76_Schweppes (big blind) showed [Jd Ac] and won ($1.32) with a pair of Aces
Seat 6: BenzJaguar folded before Flop (didn't bet)
Seat 7: Dorex2007 folded before Flop (didn't bet)
Seat 9: ManEdgeR folded before Flop (didn't bet)



PokerStars Hand #234047587538:  Hold'em No Limit ($0.01/$0.02 USD) - 2022/02/13 13:47:13 PT [2022/02/13 16:47:13 ET]
Table 'Bahner III' 9-max Seat #4 is the button
Seat 1: DonD13 ($0.82 in chips) 
Seat 2: SpruceS ($1.55 in chips) 
Seat 3: Artishell ($2.08 in chips) 
Seat 4: BiM-WiNNeR ($2.55 in chips) 
Seat 5: 76_Schweppes ($1.32 in chips) 
Seat 6: BenzJaguar ($3.20 in chips) 
Seat 7: Dorex2007 ($5.07 in chips) 
Seat 8: conej ($1.99 in chips) 
Seat 9: ManEdgeR ($2.46 in chips) 
76_Schweppes: posts small blind $0.01
BenzJaguar: posts big blind $0.02
*** HOLE CARDS ***
Dealt to Dorex2007 [Jh Js]
Dorex2007: raises $0.02 to $0.04
conej: folds 
ManEdgeR: folds 
DonD13: folds 
SpruceS: folds 
Artishell: raises $0.11 to $0.15
BiM-WiNNeR: folds 
76_Schweppes: raises $0.11 to $0.26
BenzJaguar: folds 
Dorex2007: folds 
Artishell: calls $0.11
*** FLOP *** [3h 8s 2d]
76_Schweppes: checks 
Artishell: checks 
*** TURN *** [3h 8s 2d] [Ts]
76_Schweppes: checks 
Artishell: bets $0.24
76_Schweppes: calls $0.24
*** RIVER *** [3h 8s 2d Ts] [Ad]
76_Schweppes: bets $0.82 and is all-in
Artishell: folds 
Uncalled bet ($0.82) returned to 76_Schweppes
76_Schweppes collected $1.02 from pot
76_Schweppes: doesn't show hand 
*** SUMMARY ***
Total pot $1.06 | Rake $0.04 
Board [3h 8s 2d Ts Ad]
Seat 1: DonD13 folded before Flop (didn't bet)
Seat 2: SpruceS folded before Flop (didn't bet)
Seat 3: Artishell folded on the River
Seat 4: BiM-WiNNeR (button) folded before Flop (didn't bet)
Seat 5: 76_Schweppes (small blind) collected ($1.02)
Seat 6: BenzJaguar (big blind) folded before Flop
Seat 7: Dorex2007 folded before Flop
Seat 8: conej folded before Flop (didn't bet)
Seat 9: ManEdgeR folded before Flop (didn't bet)



PokerStars Hand #234047636205:  Hold'em No Limit ($0.01/$0.02 USD) - 2022/02/13 13:48:32 PT [2022/02/13 16:48:32 ET]
Table 'Bahner III' 9-max Seat #5 is the button
Seat 1: DonD13 ($0.82 in chips) 
Seat 2: SpruceS ($1.55 in chips) 
Seat 3: Artishell ($2 in chips) 
Seat 4: BiM-WiNNeR ($2.55 in chips) 
Seat 5: 76_Schweppes ($1.84 in chips) 
Seat 6: BenzJaguar ($3.18 in chips) 
Seat 7: Dorex2007 ($5.03 in chips) 
Seat 8: conej ($1.99 in chips) 
Seat 9: ManEdgeR ($2.46 in chips) 
BenzJaguar: posts small blind $0.01
Dorex2007: posts big blind $0.02
*** HOLE CARDS ***
Dealt to Dorex2007 [9c 8c]
conej: folds 
ManEdgeR: folds 
DonD13: folds 
SpruceS: calls $0.02
Artishell: raises $0.20 to $0.22
BiM-WiNNeR: folds 
76_Schweppes: folds 
BenzJaguar: folds 
Dorex2007: folds 
SpruceS: calls $0.20
*** FLOP *** [As 2c 2h]
SpruceS: bets $0.22
Artishell: folds 
Uncalled bet ($0.22) returned to SpruceS
SpruceS collected $0.45 from pot
*** SUMMARY ***
Total pot $0.47 | Rake $0.02 
Board [As 2c 2h]
Seat 1: DonD13 folded before Flop (didn't bet)
Seat 2: SpruceS collected ($0.45)
Seat 3: Artishell folded on the Flop
Seat 4: BiM-WiNNeR folded before Flop (didn't bet)
Seat 5: 76_Schweppes (button) folded before Flop (didn't bet)
Seat 6: BenzJaguar (small blind) folded before Flop
Seat 7: Dorex2007 (big blind) folded before Flop
Seat 8: conej folded before Flop (didn't bet)
Seat 9: ManEdgeR folded before Flop (didn't bet)



PokerStars Hand #234047660589:  Hold'em No Limit ($0.01/$0.02 USD) - 2022/02/13 13:49:12 PT [2022/02/13 16:49:12 ET]
Table 'Bahner III' 9-max Seat #6 is the button
Seat 1: DonD13 ($0.82 in chips) 
Seat 2: SpruceS ($1.78 in chips) 
Seat 3: Artishell ($2 in chips) 
Seat 4: BiM-WiNNeR ($2.55 in chips) 
Seat 5: 76_Schweppes ($1.84 in chips) 
Seat 6: BenzJaguar ($3.17 in chips) 
Seat 7: Dorex2007 ($5.01 in chips) 
Seat 8: conej ($1.99 in chips) 
Seat 9: ManEdgeR ($2.46 in chips) 
Dorex2007: posts small blind $0.01
conej: posts big blind $0.02
*** HOLE CARDS ***
Dealt to Dorex2007 [Kc 6d]
ManEdgeR: folds 
DonD13: folds 
SpruceS: folds 
Artishell: raises $0.14 to $0.16
BiM-WiNNeR: calls $0.16
76_Schweppes: folds 
BenzJaguar: calls $0.16
Dorex2007: folds 
conej: folds 
*** FLOP *** [6h 3d 4h]
Artishell: bets $0.24
BiM-WiNNeR: calls $0.24
BenzJaguar: calls $0.24
*** TURN *** [6h 3d 4h] [8c]
Artishell: bets $0.38
BiM-WiNNeR: folds 
BenzJaguar: folds 
Uncalled bet ($0.38) returned to Artishell
Artishell collected $1.19 from pot
Artishell: doesn't show hand 
*** SUMMARY ***
Total pot $1.23 | Rake $0.04 
Board [6h 3d 4h 8c]
Seat 1: DonD13 folded before Flop (didn't bet)
Seat 2: SpruceS folded before Flop (didn't bet)
Seat 3: Artishell collected ($1.19)
Seat 4: BiM-WiNNeR folded on the Turn
Seat 5: 76_Schweppes folded before Flop (didn't bet)
Seat 6: BenzJaguar (button) folded on the Turn
Seat 7: Dorex2007 (small blind) folded before Flop
Seat 8: conej (big blind) folded before Flop
Seat 9: ManEdgeR folded before Flop (didn't bet)



PokerStars Hand #234047729057:  Hold'em No Limit ($0.01/$0.02 USD) - 2022/02/13 13:50:49 PT [2022/02/13 16:50:49 ET]
Table 'Bahner III' 9-max Seat #7 is the button
Seat 1: DonD13 ($0.82 in chips) 
Seat 2: SpruceS ($1.78 in chips) 
Seat 3: Artishell ($2.79 in chips) 
Seat 4: BiM-WiNNeR ($2.15 in chips) 
Seat 5: 76_Schweppes ($1.84 in chips) 
Seat 6: BenzJaguar ($2.77 in chips) 
Seat 7: Dorex2007 ($5 in chips) 
Seat 8: conej ($1.97 in chips) 
Seat 9: ManEdgeR ($2.46 in chips) 
conej: posts small blind $0.01
ManEdgeR: posts big blind $0.02
*** HOLE CARDS ***
Dealt to Dorex2007 [Kc Ks]
DonD13: calls $0.02
SpruceS: calls $0.02
Artishell: raises $0.07 to $0.09
BiM-WiNNeR: folds 
76_Schweppes: folds 
BenzJaguar: folds 
Dorex2007: raises $0.13 to $0.22
conej: folds 
ManEdgeR: folds 
DonD13: folds 
SpruceS: folds 
Artishell: calls $0.13
*** FLOP *** [4s 8s 9h]
Artishell: checks 
Dorex2007: bets $4.78 and is all-in
Artishell: folds 
Uncalled bet ($4.78) returned to Dorex2007
Dorex2007 collected $0.49 from pot
Dorex2007: doesn't show hand 
*** SUMMARY ***
Total pot $0.51 | Rake $0.02 
Board [4s 8s 9h]
Seat 1: DonD13 folded before Flop
Seat 2: SpruceS folded before Flop
Seat 3: Artishell folded on the Flop
Seat 4: BiM-WiNNeR folded before Flop (didn't bet)
Seat 5: 76_Schweppes folded before Flop (didn't bet)
Seat 6: BenzJaguar folded before Flop (didn't bet)
Seat 7: Dorex2007 (button) collected ($0.49)
Seat 8: conej (small blind) folded before Flop
Seat 9: ManEdgeR (big blind) folded before Flop



PokerStars Hand #234047770044:  Hold'em No Limit ($0.01/$0.02 USD) - 2022/02/13 13:51:57 PT [2022/02/13 16:51:57 ET]
Table 'Bahner III' 9-max Seat #8 is the button
Seat 1: DonD13 ($0.80 in chips) 
Seat 2: SpruceS ($1.76 in chips) 
Seat 3: Artishell ($2.57 in chips) 
Seat 4: BiM-WiNNeR ($2.15 in chips) 
Seat 5: 76_Schweppes ($1.84 in chips) 
Seat 6: BenzJaguar ($2.77 in chips) 
Seat 7: Dorex2007 ($5.27 in chips) 
Seat 8: conej ($1.96 in chips) 
Seat 9: ManEdgeR ($2.44 in chips) 
ManEdgeR: posts small blind $0.01
DonD13: posts big blind $0.02
*** HOLE CARDS ***
Dealt to Dorex2007 [3s 2d]
SpruceS: calls $0.02
Artishell: folds 
BiM-WiNNeR: folds 
76_Schweppes: calls $0.02
BenzJaguar: calls $0.02
Dorex2007: folds 
conej: raises $0.06 to $0.08
ManEdgeR: folds 
DonD13: folds 
SpruceS: calls $0.06
76_Schweppes: folds 
BenzJaguar: calls $0.06
*** FLOP *** [Js 6s Ad]
SpruceS: checks 
BenzJaguar: checks 
conej: bets $0.14
SpruceS: folds 
BenzJaguar: folds 
Uncalled bet ($0.14) returned to conej
conej collected $0.28 from pot
conej: doesn't show hand 
*** SUMMARY ***
Total pot $0.29 | Rake $0.01 
Board [Js 6s Ad]
Seat 1: DonD13 (big blind) folded before Flop
Seat 2: SpruceS folded on the Flop
Seat 3: Artishell folded before Flop (didn't bet)
Seat 4: BiM-WiNNeR folded before Flop (didn't bet)
Seat 5: 76_Schweppes folded before Flop
Seat 6: BenzJaguar folded on the Flop
Seat 7: Dorex2007 folded before Flop (didn't bet)
Seat 8: conej (button) collected ($0.28)
Seat 9: ManEdgeR (small blind) folded before Flop



PokerStars Hand #234047817582:  Hold'em No Limit ($0.01/$0.02 USD) - 2022/02/13 13:53:16 PT [2022/02/13 16:53:16 ET]
Table 'Bahner III' 9-max Seat #9 is the button
Seat 1: DonD13 ($0.78 in chips) 
Seat 2: SpruceS ($1.68 in chips) 
Seat 3: Artishell ($2.57 in chips) 
Seat 4: BiM-WiNNeR ($2.15 in chips) 
Seat 5: 76_Schweppes ($1.82 in chips) 
Seat 6: BenzJaguar ($2.69 in chips) 
Seat 7: Dorex2007 ($5.27 in chips) 
Seat 8: conej ($2.16 in chips) 
Seat 9: ManEdgeR ($2.43 in chips) 
DonD13: posts small blind $0.01
SpruceS: posts big blind $0.02
*** HOLE CARDS ***
Dealt to Dorex2007 [Kh Ah]
Artishell: folds 
BiM-WiNNeR: folds 
76_Schweppes: folds 
BenzJaguar: calls $0.02
Dorex2007: raises $0.04 to $0.06
conej: folds 
ManEdgeR: calls $0.06
DonD13: folds 
SpruceS: calls $0.04
BenzJaguar: calls $0.04
*** FLOP *** [Ts 3h 5c]
SpruceS: bets $0.24
BenzJaguar: folds 
Dorex2007: folds 
ManEdgeR: folds 
Uncalled bet ($0.24) returned to SpruceS
SpruceS collected $0.24 from pot
SpruceS: doesn't show hand 
*** SUMMARY ***
Total pot $0.25 | Rake $0.01 
Board [Ts 3h 5c]
Seat 1: DonD13 (small blind) folded before Flop
Seat 2: SpruceS (big blind) collected ($0.24)
Seat 3: Artishell folded before Flop (didn't bet)
Seat 4: BiM-WiNNeR folded before Flop (didn't bet)
Seat 5: 76_Schweppes folded before Flop (didn't bet)
Seat 6: BenzJaguar folded on the Flop
Seat 7: Dorex2007 folded on the Flop
Seat 8: conej folded before Flop (didn't bet)
Seat 9: ManEdgeR (button) folded on the Flop



PokerStars Hand #234047849969:  Hold'em No Limit ($0.01/$0.02 USD) - 2022/02/13 13:54:10 PT [2022/02/13 16:54:10 ET]
Table 'Bahner III' 9-max Seat #1 is the button
Seat 1: DonD13 ($0.77 in chips) 
Seat 2: SpruceS ($1.86 in chips) 
Seat 3: Artishell ($2.57 in chips) 
Seat 4: BiM-WiNNeR ($2.15 in chips) 
Seat 5: 76_Schweppes ($1.82 in chips) 
Seat 6: BenzJaguar ($2.63 in chips) 
Seat 7: Dorex2007 ($5.21 in chips) 
Seat 8: conej ($2.16 in chips) 
Seat 9: ManEdgeR ($2.37 in chips) 
SpruceS: posts small blind $0.01
Artishell: posts big blind $0.02
*** HOLE CARDS ***
Dealt to Dorex2007 [6d 4d]
BiM-WiNNeR: folds 
76_Schweppes: raises $0.02 to $0.04
BenzJaguar: folds 
Dorex2007: folds 
conej: folds 
ManEdgeR: folds 
DonD13: folds 
SpruceS: folds 
Artishell: folds 
Uncalled bet ($0.02) returned to 76_Schweppes
76_Schweppes collected $0.05 from pot
76_Schweppes: doesn't show hand 
*** SUMMARY ***
Total pot $0.05 | Rake $0 
Seat 1: DonD13 (button) folded before Flop (didn't bet)
Seat 2: SpruceS (small blind) folded before Flop
Seat 3: Artishell (big blind) folded before Flop
Seat 4: BiM-WiNNeR folded before Flop (didn't bet)
Seat 5: 76_Schweppes collected ($0.05)
Seat 6: BenzJaguar folded before Flop (didn't bet)
Seat 7: Dorex2007 folded before Flop (didn't bet)
Seat 8: conej folded before Flop (didn't bet)
Seat 9: ManEdgeR folded before Flop (didn't bet)



PokerStars Hand #234047868541:  Hold'em No Limit ($0.01/$0.02 USD) - 2022/02/13 13:54:41 PT [2022/02/13 16:54:41 ET]
Table 'Bahner III' 9-max Seat #2 is the button
Seat 1: DonD13 ($0.77 in chips) 
Seat 2: SpruceS ($1.85 in chips) 
Seat 3: Artishell ($2.55 in chips) 
Seat 4: BiM-WiNNeR ($2.15 in chips) 
Seat 5: 76_Schweppes ($1.85 in chips) 
Seat 6: BenzJaguar ($2.63 in chips) 
Seat 7: Dorex2007 ($5.21 in chips) 
Seat 8: conej ($2.16 in chips) 
Seat 9: ManEdgeR ($2.37 in chips) 
Artishell: posts small blind $0.01
BiM-WiNNeR: posts big blind $0.02
*** HOLE CARDS ***
Dealt to Dorex2007 [8s Ks]
76_Schweppes: folds 
BenzJaguar: folds 
Dorex2007: folds 
conej: raises $0.04 to $0.06
ManEdgeR: folds 
DonD13: folds 
SpruceS: folds 
Artishell: raises $0.14 to $0.20
BiM-WiNNeR: folds 
conej: calls $0.14
*** FLOP *** [Kd 4s Jh]
Artishell: checks 
conej: bets $0.21
Artishell: folds 
Uncalled bet ($0.21) returned to conej
conej collected $0.41 from pot
conej: doesn't show hand 
*** SUMMARY ***
Total pot $0.42 | Rake $0.01 
Board [Kd 4s Jh]
Seat 1: DonD13 folded before Flop (didn't bet)
Seat 2: SpruceS (button) folded before Flop (didn't bet)
Seat 3: Artishell (small blind) folded on the Flop
Seat 4: BiM-WiNNeR (big blind) folded before Flop
Seat 5: 76_Schweppes folded before Flop (didn't bet)
Seat 6: BenzJaguar folded before Flop (didn't bet)
Seat 7: Dorex2007 folded before Flop (didn't bet)
Seat 8: conej collected ($0.41)
Seat 9: ManEdgeR folded before Flop (didn't bet)



PokerStars Hand #234047895463:  Hold'em No Limit ($0.01/$0.02 USD) - 2022/02/13 13:55:42 PT [2022/02/13 16:55:42 ET]
Table 'Bahner III' 9-max Seat #3 is the button
Seat 1: DonD13 ($0.77 in chips) 
Seat 2: SpruceS ($1.85 in chips) 
Seat 3: Artishell ($2.35 in chips) 
Seat 4: BiM-WiNNeR ($2.13 in chips) 
Seat 5: 76_Schweppes ($1.85 in chips) 
Seat 6: BenzJaguar ($2.63 in chips) 
Seat 7: Dorex2007 ($5.21 in chips) 
Seat 8: conej ($2.37 in chips) 
Seat 9: ManEdgeR ($2.37 in chips) 
BiM-WiNNeR: posts small blind $0.01
76_Schweppes: posts big blind $0.02
*** HOLE CARDS ***
Dealt to Dorex2007 [Ah 2h]
BenzJaguar has timed out
BenzJaguar: folds 
Dorex2007: calls $0.02
conej: folds 
ManEdgeR: folds 
DonD13: folds 
SpruceS: folds 
Artishell: folds 
BiM-WiNNeR: folds 
76_Schweppes: checks 
*** FLOP *** [Jc 7s As]
76_Schweppes: checks 
Dorex2007: checks 
*** TURN *** [Jc 7s As] [Qd]
76_Schweppes: checks 
Dorex2007: checks 
*** RIVER *** [Jc 7s As Qd] [Kc]
76_Schweppes: checks 
Dorex2007: checks 
*** SHOW DOWN ***
76_Schweppes: shows [7c 5c] (a pair of Sevens)
Dorex2007: shows [Ah 2h] (a pair of Aces)
Dorex2007 collected $0.05 from pot
*** SUMMARY ***
Total pot $0.05 | Rake $0 
Board [Jc 7s As Qd Kc]
Seat 1: DonD13 folded before Flop (didn't bet)
Seat 2: SpruceS folded before Flop (didn't bet)
Seat 3: Artishell (button) folded before Flop (didn't bet)
Seat 4: BiM-WiNNeR (small blind) folded before Flop
Seat 5: 76_Schweppes (big blind) showed [7c 5c] and lost with a pair of Sevens
Seat 6: BenzJaguar folded before Flop (didn't bet)
Seat 7: Dorex2007 showed [Ah 2h] and won ($0.05) with a pair of Aces
Seat 8: conej folded before Flop (didn't bet)
Seat 9: ManEdgeR folded before Flop (didn't bet)



PokerStars Hand #234047916035:  Hold'em No Limit ($0.01/$0.02 USD) - 2022/02/13 13:56:37 PT [2022/02/13 16:56:37 ET]
Table 'Bahner III' 9-max Seat #4 is the button
Seat 1: DonD13 ($0.77 in chips) 
Seat 2: SpruceS ($1.85 in chips) 
Seat 3: Artishell ($2.35 in chips) 
Seat 4: BiM-WiNNeR ($2.12 in chips) 
Seat 5: 76_Schweppes ($1.83 in chips) 
Seat 6: BenzJaguar ($2.63 in chips) 
Seat 7: Dorex2007 ($5.24 in chips) 
Seat 8: conej ($2.37 in chips) 
Seat 9: ManEdgeR ($2.37 in chips) 
76_Schweppes: posts small blind $0.01
BenzJaguar: posts big blind $0.02
*** HOLE CARDS ***
Dealt to Dorex2007 [Jh Th]
Dorex2007: calls $0.02
conej: folds 
ManEdgeR: calls $0.02
DonD13: folds 
SpruceS: folds 
Artishell: folds 
BiM-WiNNeR: raises $0.08 to $0.10
76_Schweppes: folds 
BenzJaguar: folds 
Dorex2007: folds 
ManEdgeR: calls $0.08
*** FLOP *** [5c 7d 6h]
ManEdgeR: bets $0.12
BiM-WiNNeR: calls $0.12
*** TURN *** [5c 7d 6h] [Ac]
ManEdgeR: bets $0.23
BiM-WiNNeR: calls $0.23
*** RIVER *** [5c 7d 6h Ac] [Qs]
ManEdgeR: bets $0.46
BiM-WiNNeR: calls $0.46
*** SHOW DOWN ***
ManEdgeR: shows [5s 6s] (two pair, Sixes and Fives)
BiM-WiNNeR: mucks hand 
ManEdgeR collected $1.80 from pot
*** SUMMARY ***
Total pot $1.87 | Rake $0.07 
Board [5c 7d 6h Ac Qs]
Seat 1: DonD13 folded before Flop (didn't bet)
Seat 2: SpruceS folded before Flop (didn't bet)
Seat 3: Artishell folded before Flop (didn't bet)
Seat 4: BiM-WiNNeR (button) mucked [Ad Jd]
Seat 5: 76_Schweppes (small blind) folded before Flop
Seat 6: BenzJaguar (big blind) folded before Flop
Seat 7: Dorex2007 folded before Flop
Seat 8: conej folded before Flop (didn't bet)
Seat 9: ManEdgeR showed [5s 6s] and won ($1.80) with two pair, Sixes and Fives



PokerStars Hand #234047950974:  Hold'em No Limit ($0.01/$0.02 USD) - 2022/02/13 13:58:10 PT [2022/02/13 16:58:10 ET]
Table 'Bahner III' 9-max Seat #5 is the button
Seat 1: DonD13 ($0.77 in chips) 
Seat 3: Artishell ($2.35 in chips) 
Seat 4: BiM-WiNNeR ($2 in chips) 
Seat 5: 76_Schweppes ($1.82 in chips) 
Seat 6: BenzJaguar ($2.61 in chips) 
Seat 7: Dorex2007 ($5.22 in chips) 
Seat 8: conej ($2.37 in chips) 
Seat 9: ManEdgeR ($3.26 in chips) 
BenzJaguar: posts small blind $0.01
Dorex2007: posts big blind $0.02
*** HOLE CARDS ***
Dealt to Dorex2007 [Td Tc]
conej: raises $0.04 to $0.06
ManEdgeR: calls $0.06
DonD13: folds 
Artishell: folds 
BiM-WiNNeR: folds 
76_Schweppes: calls $0.06
BenzJaguar: folds 
Dorex2007: calls $0.04
*** FLOP *** [4s 2c 8c]
Dorex2007: checks 
conej: checks 
ManEdgeR: checks 
76_Schweppes: checks 
*** TURN *** [4s 2c 8c] [Jd]
Dorex2007: bets $0.24
conej: calls $0.24
ManEdgeR: folds 
76_Schweppes: folds 
*** RIVER *** [4s 2c 8c Jd] [Kh]
Dorex2007: bets $0.18
conej: calls $0.18
*** SHOW DOWN ***
Dorex2007: shows [Td Tc] (a pair of Tens)
conej: shows [Jh Ah] (a pair of Jacks)
conej collected $1.05 from pot
*** SUMMARY ***
Total pot $1.09 | Rake $0.04 
Board [4s 2c 8c Jd Kh]
Seat 1: DonD13 folded before Flop (didn't bet)
Seat 3: Artishell folded before Flop (didn't bet)
Seat 4: BiM-WiNNeR folded before Flop (didn't bet)
Seat 5: 76_Schweppes (button) folded on the Turn
Seat 6: BenzJaguar (small blind) folded before Flop
Seat 7: Dorex2007 (big blind) showed [Td Tc] and lost with a pair of Tens
Seat 8: conej showed [Jh Ah] and won ($1.05) with a pair of Jacks
Seat 9: ManEdgeR folded on the Turn



PokerStars Hand #234047974156:  Hold'em No Limit ($0.01/$0.02 USD) - 2022/02/13 13:59:12 PT [2022/02/13 16:59:12 ET]
Table 'Bahner III' 9-max Seat #6 is the button
Seat 1: DonD13 ($0.77 in chips) 
Seat 2: SpruceS ($1.85 in chips) 
Seat 3: Artishell ($2.35 in chips) 
Seat 4: BiM-WiNNeR ($2 in chips) 
Seat 5: 76_Schweppes ($1.76 in chips) 
Seat 6: BenzJaguar ($2.60 in chips) 
Seat 7: Dorex2007 ($4.74 in chips) 
Seat 8: conej ($2.94 in chips) 
Seat 9: ManEdgeR ($3.20 in chips) 
Dorex2007: posts small blind $0.01
conej: posts big blind $0.02
*** HOLE CARDS ***
Dealt to Dorex2007 [Jd Ad]
ManEdgeR: folds 
DonD13: folds 
SpruceS has timed out
SpruceS: folds 
Artishell: folds 
BiM-WiNNeR: folds 
76_Schweppes: folds 
BenzJaguar: calls $0.02
Dorex2007: calls $0.01
conej: checks 
*** FLOP *** [6d 9c Kd]
Dorex2007: checks 
conej: checks 
BenzJaguar: checks 
*** TURN *** [6d 9c Kd] [Ah]
Dorex2007: checks 
conej: checks 
BenzJaguar: bets $0.06
Dorex2007: calls $0.06
conej: folds 
*** RIVER *** [6d 9c Kd Ah] [7c]
Dorex2007: checks 
BenzJaguar: bets $0.17
Dorex2007: calls $0.17
*** SHOW DOWN ***
BenzJaguar: shows [Ac 9h] (two pair, Aces and Nines)
Dorex2007: mucks hand 
BenzJaguar collected $0.50 from pot
*** SUMMARY ***
Total pot $0.52 | Rake $0.02 
Board [6d 9c Kd Ah 7c]
Seat 1: DonD13 folded before Flop (didn't bet)
Seat 2: SpruceS folded before Flop (didn't bet)
Seat 3: Artishell folded before Flop (didn't bet)
Seat 4: BiM-WiNNeR folded before Flop (didn't bet)
Seat 5: 76_Schweppes folded before Flop (didn't bet)
Seat 6: BenzJaguar (button) showed [Ac 9h] and won ($0.50) with two pair, Aces and Nines
Seat 7: Dorex2007 (small blind) mucked [Jd Ad]
Seat 8: conej (big blind) folded on the Turn
Seat 9: ManEdgeR folded before Flop (didn't bet)



PokerStars Hand #234048003497:  Hold'em No Limit ($0.01/$0.02 USD) - 2022/02/13 14:00:21 PT [2022/02/13 17:00:21 ET]
Table 'Bahner III' 9-max Seat #7 is the button
Seat 1: DonD13 ($0.77 in chips) 
Seat 2: SpruceS ($1.85 in chips) 
Seat 3: Artishell ($2.35 in chips) 
Seat 4: BiM-WiNNeR ($2 in chips) 
Seat 5: 76_Schweppes ($1.76 in chips) 
Seat 6: BenzJaguar ($2.85 in chips) 
Seat 7: Dorex2007 ($4.49 in chips) 
Seat 8: conej ($2.92 in chips) 
Seat 9: ManEdgeR ($3.20 in chips) 
conej: posts small blind $0.01
ManEdgeR: posts big blind $0.02
*** HOLE CARDS ***
Dealt to Dorex2007 [9s 3h]
DonD13: folds 
DonD13 leaves the table
SpruceS: folds 
Artishell: raises $0.04 to $0.06
BiM-WiNNeR: raises $0.12 to $0.18
76_Schweppes: folds 
moertel777 joins the table at seat #1 
BenzJaguar: folds 
Dorex2007: folds 
conej: folds 
ManEdgeR: folds 
Artishell: folds 
Uncalled bet ($0.12) returned to BiM-WiNNeR
BiM-WiNNeR collected $0.15 from pot
BiM-WiNNeR: doesn't show hand 
*** SUMMARY ***
Total pot $0.15 | Rake $0 
Seat 1: DonD13 folded before Flop (didn't bet)
Seat 2: SpruceS folded before Flop (didn't bet)
Seat 3: Artishell folded before Flop
Seat 4: BiM-WiNNeR collected ($0.15)
Seat 5: 76_Schweppes folded before Flop (didn't bet)
Seat 6: BenzJaguar folded before Flop (didn't bet)
Seat 7: Dorex2007 (button) folded before Flop (didn't bet)
Seat 8: conej (small blind) folded before Flop
Seat 9: ManEdgeR (big blind) folded before Flop



PokerStars Hand #234048020564:  Hold'em No Limit ($0.01/$0.02 USD) - 2022/02/13 14:01:01 PT [2022/02/13 17:01:01 ET]
Table 'Bahner III' 9-max Seat #8 is the button
Seat 1: moertel777 ($1.50 in chips) 
Seat 2: SpruceS ($1.85 in chips) 
Seat 3: Artishell ($2.29 in chips) 
Seat 4: BiM-WiNNeR ($2.09 in chips) 
Seat 5: 76_Schweppes ($1.76 in chips) 
Seat 6: BenzJaguar ($2.85 in chips) 
Seat 7: Dorex2007 ($4.49 in chips) 
Seat 8: conej ($2.91 in chips) 
Seat 9: ManEdgeR ($3.18 in chips) 
ManEdgeR: posts small blind $0.01
moertel777: posts big blind $0.02
*** HOLE CARDS ***
Dealt to Dorex2007 [7s 9d]
SpruceS has timed out
SpruceS: folds 
Artishell: raises $0.04 to $0.06
BiM-WiNNeR: folds 
76_Schweppes: folds 
BenzJaguar: raises $0.04 to $0.10
Dorex2007: folds 
conej: folds 
ManEdgeR: calls $0.09
moertel777: folds 
Artishell: calls $0.04
*** FLOP *** [7c 8d Qc]
ManEdgeR: checks 
Artishell: checks 
BenzJaguar: checks 
*** TURN *** [7c 8d Qc] [8c]
ManEdgeR: checks 
Artishell: checks 
BenzJaguar: checks 
*** RIVER *** [7c 8d Qc 8c] [9c]
ManEdgeR: checks 
Artishell: checks 
BenzJaguar: checks 
*** SHOW DOWN ***
ManEdgeR: shows [Kd Js] (a pair of Eights)
Artishell: mucks hand 
BenzJaguar: shows [9s As] (two pair, Nines and Eights)
BenzJaguar collected $0.31 from pot
*** SUMMARY ***
Total pot $0.32 | Rake $0.01 
Board [7c 8d Qc 8c 9c]
Seat 1: moertel777 (big blind) folded before Flop
Seat 2: SpruceS folded before Flop (didn't bet)
Seat 3: Artishell mucked [2h 6h]
Seat 4: BiM-WiNNeR folded before Flop (didn't bet)
Seat 5: 76_Schweppes folded before Flop (didn't bet)
Seat 6: BenzJaguar showed [9s As] and won ($0.31) with two pair, Nines and Eights
Seat 7: Dorex2007 folded before Flop (didn't bet)
Seat 8: conej (button) folded before Flop (didn't bet)
Seat 9: ManEdgeR (small blind) showed [Kd Js] and lost with a pair of Eights



PokerStars Hand #234048067779:  Hold'em No Limit ($0.01/$0.02 USD) - 2022/02/13 14:02:29 PT [2022/02/13 17:02:29 ET]
Table 'Bahner III' 9-max Seat #9 is the button
Seat 1: moertel777 ($1.48 in chips) 
Seat 3: Artishell ($2.19 in chips) 
Seat 4: BiM-WiNNeR ($2.09 in chips) 
Seat 5: 76_Schweppes ($1.76 in chips) 
Seat 6: BenzJaguar ($3.06 in chips) 
Seat 7: Dorex2007 ($4.49 in chips) 
Seat 8: conej ($2.91 in chips) 
Seat 9: ManEdgeR ($3.08 in chips) 
moertel777: posts small blind $0.01
Artishell: posts big blind $0.02
*** HOLE CARDS ***
Dealt to Dorex2007 [6s 2c]
BiM-WiNNeR: folds 
76_Schweppes: folds 
BenzJaguar: calls $0.02
Dorex2007: folds 
conej: folds 
ManEdgeR: folds 
moertel777: calls $0.01
Artishell: checks 
*** FLOP *** [Js 7s Ac]
ManEdgeR leaves the table
moertel777: checks 
Artishell: checks 
BenzJaguar: bets $0.03
moertel777: calls $0.03
Artishell: folds 
*** TURN *** [Js 7s Ac] [9d]
moertel777: checks 
BenzJaguar: bets $0.04
moertel777: folds 
Uncalled bet ($0.04) returned to BenzJaguar
BenzJaguar collected $0.12 from pot
BenzJaguar: doesn't show hand 
*** SUMMARY ***
Total pot $0.12 | Rake $0 
Board [Js 7s Ac 9d]
Seat 1: moertel777 (small blind) folded on the Turn
Seat 3: Artishell (big blind) folded on the Flop
Seat 4: BiM-WiNNeR folded before Flop (didn't bet)
Seat 5: 76_Schweppes folded before Flop (didn't bet)
Seat 6: BenzJaguar collected ($0.12)
Seat 7: Dorex2007 folded before Flop (didn't bet)
Seat 8: conej folded before Flop (didn't bet)
Seat 9: ManEdgeR (button) folded before Flop (didn't bet)



PokerStars Hand #234048102342:  Hold'em No Limit ($0.01/$0.02 USD) - 2022/02/13 14:03:28 PT [2022/02/13 17:03:28 ET]
Table 'Bahner III' 9-max Seat #1 is the button
Seat 1: moertel777 ($1.43 in chips) 
Seat 3: Artishell ($2.17 in chips) 
Seat 4: BiM-WiNNeR ($2.09 in chips) 
Seat 5: 76_Schweppes ($1.76 in chips) 
Seat 6: BenzJaguar ($3.13 in chips) 
Seat 7: Dorex2007 ($4.49 in chips) 
Seat 8: conej ($2.91 in chips) 
Artishell: posts small blind $0.01
BiM-WiNNeR: posts big blind $0.02
*** HOLE CARDS ***
Dealt to Dorex2007 [7d Ad]
76_Schweppes: raises $0.02 to $0.04
BenzJaguar: folds 
Dorex2007: calls $0.04
conej: folds 
moertel777: calls $0.04
Artishell: folds 
BiM-WiNNeR: folds 
*** FLOP *** [Kh 7c Th]
76_Schweppes: bets $0.06
Dorex2007: folds 
moertel777: folds 
Uncalled bet ($0.06) returned to 76_Schweppes
76_Schweppes collected $0.14 from pot
76_Schweppes: doesn't show hand 
*** SUMMARY ***
Total pot $0.15 | Rake $0.01 
Board [Kh 7c Th]
Seat 1: moertel777 (button) folded on the Flop
Seat 3: Artishell (small blind) folded before Flop
Seat 4: BiM-WiNNeR (big blind) folded before Flop
Seat 5: 76_Schweppes collected ($0.14)
Seat 6: BenzJaguar folded before Flop (didn't bet)
Seat 7: Dorex2007 folded on the Flop
Seat 8: conej folded before Flop (didn't bet)



PokerStars Hand #234048124040:  Hold'em No Limit ($0.01/$0.02 USD) - 2022/02/13 14:04:04 PT [2022/02/13 17:04:04 ET]
Table 'Bahner III' 9-max Seat #3 is the button
Seat 1: moertel777 ($1.39 in chips) 
Seat 3: Artishell ($2.16 in chips) 
Seat 4: BiM-WiNNeR ($2.07 in chips) 
Seat 5: 76_Schweppes ($1.86 in chips) 
Seat 6: BenzJaguar ($3.13 in chips) 
Seat 7: Dorex2007 ($4.45 in chips) 
Seat 8: conej ($2.91 in chips) 
BiM-WiNNeR: posts small blind $0.01
76_Schweppes: posts big blind $0.02
SpruceS: sits out 
*** HOLE CARDS ***
Dealt to Dorex2007 [2d 6s]
BenzJaguar: calls $0.02
Dorex2007: folds 
conej: folds 
moertel777: calls $0.02
Artishell: folds 
BiM-WiNNeR: raises $0.08 to $0.10
76_Schweppes: folds 
BenzJaguar: calls $0.08
moertel777: folds 
*** FLOP *** [5c Qd 6c]
HuKuTa356 joins the table at seat #9 
BiM-WiNNeR: bets $0.14
BenzJaguar: folds 
Uncalled bet ($0.14) returned to BiM-WiNNeR
BiM-WiNNeR collected $0.23 from pot
BiM-WiNNeR: doesn't show hand 
*** SUMMARY ***
Total pot $0.24 | Rake $0.01 
Board [5c Qd 6c]
Seat 1: moertel777 folded before Flop
Seat 3: Artishell (button) folded before Flop (didn't bet)
Seat 4: BiM-WiNNeR (small blind) collected ($0.23)
Seat 5: 76_Schweppes (big blind) folded before Flop
Seat 6: BenzJaguar folded on the Flop
Seat 7: Dorex2007 folded before Flop (didn't bet)
Seat 8: conej folded before Flop (didn't bet)



PokerStars Hand #234048147310:  Hold'em No Limit ($0.01/$0.02 USD) - 2022/02/13 14:04:43 PT [2022/02/13 17:04:43 ET]
Table 'Bahner III' 9-max Seat #4 is the button
Seat 1: moertel777 ($1.37 in chips) 
Seat 2: SpruceS ($1.85 in chips) 
Seat 3: Artishell ($2.16 in chips) 
Seat 4: BiM-WiNNeR ($2.20 in chips) 
Seat 5: 76_Schweppes ($1.84 in chips) 
Seat 6: BenzJaguar ($3.03 in chips) 
Seat 7: Dorex2007 ($4.45 in chips) 
Seat 8: conej ($2.91 in chips) 
76_Schweppes: posts small blind $0.01
BenzJaguar: posts big blind $0.02
HuKuTa356: sits out 
SpruceS: posts small & big blinds $0.03
*** HOLE CARDS ***
Dealt to Dorex2007 [Ks Jd]
Dorex2007: folds 
conej: folds 
moertel777: calls $0.02
SpruceS: raises $0.04 to $0.06
Artishell: folds 
BiM-WiNNeR: folds 
76_Schweppes: folds 
BenzJaguar: folds 
moertel777: calls $0.04
*** FLOP *** [Ah 4h 5d]
moertel777: checks 
SpruceS: bets $0.07
moertel777: folds 
Uncalled bet ($0.07) returned to SpruceS
SpruceS collected $0.15 from pot
SpruceS: doesn't show hand 
*** SUMMARY ***
Total pot $0.16 | Rake $0.01 
Board [Ah 4h 5d]
Seat 1: moertel777 folded on the Flop
Seat 2: SpruceS collected ($0.15)
Seat 3: Artishell folded before Flop (didn't bet)
Seat 4: BiM-WiNNeR (button) folded before Flop (didn't bet)
Seat 5: 76_Schweppes (small blind) folded before Flop
Seat 6: BenzJaguar (big blind) folded before Flop
Seat 7: Dorex2007 folded before Flop (didn't bet)
Seat 8: conej folded before Flop (didn't bet)



PokerStars Hand #234048175266:  Hold'em No Limit ($0.01/$0.02 USD) - 2022/02/13 14:05:29 PT [2022/02/13 17:05:29 ET]
Table 'Bahner III' 9-max Seat #5 is the button
Seat 1: moertel777 ($1.31 in chips) 
Seat 2: SpruceS ($1.93 in chips) 
Seat 3: Artishell ($2.16 in chips) 
Seat 4: BiM-WiNNeR ($2.20 in chips) 
Seat 5: 76_Schweppes ($1.83 in chips) 
Seat 6: BenzJaguar ($3.01 in chips) 
Seat 7: Dorex2007 ($4.45 in chips) 
Seat 8: conej ($2.91 in chips) 
BenzJaguar: posts small blind $0.01
Dorex2007: posts big blind $0.02
HuKuTa356: sits out 
*** HOLE CARDS ***
Dealt to Dorex2007 [2s 8s]
conej: folds 
moertel777: calls $0.02
SpruceS: folds 
Artishell: folds 
BiM-WiNNeR: folds 
76_Schweppes: folds 
BenzJaguar: folds 
Dorex2007: checks 
*** FLOP *** [2d Jc Ad]
Dorex2007: checks 
moertel777: checks 
*** TURN *** [2d Jc Ad] [7h]
Dorex2007: checks 
moertel777: checks 
*** RIVER *** [2d Jc Ad 7h] [Ts]
Dorex2007: checks 
moertel777: bets $0.04
Dorex2007: folds 
Uncalled bet ($0.04) returned to moertel777
moertel777 collected $0.05 from pot
moertel777: doesn't show hand 
*** SUMMARY ***
Total pot $0.05 | Rake $0 
Board [2d Jc Ad 7h Ts]
Seat 1: moertel777 collected ($0.05)
Seat 2: SpruceS folded before Flop (didn't bet)
Seat 3: Artishell folded before Flop (didn't bet)
Seat 4: BiM-WiNNeR folded before Flop (didn't bet)
Seat 5: 76_Schweppes (button) folded before Flop (didn't bet)
Seat 6: BenzJaguar (small blind) folded before Flop
Seat 7: Dorex2007 (big blind) folded on the River
Seat 8: conej folded before Flop (didn't bet)



PokerStars Hand #234048213052:  Hold'em No Limit ($0.01/$0.02 USD) - 2022/02/13 14:06:33 PT [2022/02/13 17:06:33 ET]
Table 'Bahner III' 9-max Seat #6 is the button
Seat 1: moertel777 ($1.34 in chips) 
Seat 2: SpruceS ($1.93 in chips) 
Seat 3: Artishell ($2.16 in chips) 
Seat 4: BiM-WiNNeR ($2.20 in chips) 
Seat 5: 76_Schweppes ($1.83 in chips) 
Seat 6: BenzJaguar ($3 in chips) 
Seat 7: Dorex2007 ($4.43 in chips) 
Seat 8: conej ($2.91 in chips) 
Dorex2007: posts small blind $0.01
conej: posts big blind $0.02
HuKuTa356: sits out 
*** HOLE CARDS ***
Dealt to Dorex2007 [Qd 4s]
moertel777: calls $0.02
SpruceS has timed out
SpruceS: folds 
Artishell: folds 
BiM-WiNNeR: folds 
76_Schweppes: folds 
BenzJaguar: raises $0.04 to $0.06
Dorex2007: folds 
conej: folds 
moertel777: calls $0.04
*** FLOP *** [4c Jc 2s]
moertel777: checks 
BenzJaguar: checks 
*** TURN *** [4c Jc 2s] [8s]
moertel777: checks 
BenzJaguar: checks 
*** RIVER *** [4c Jc 2s 8s] [7c]
moertel777: checks 
BenzJaguar: bets $0.14
moertel777: folds 
Uncalled bet ($0.14) returned to BenzJaguar
BenzJaguar collected $0.14 from pot
BenzJaguar: doesn't show hand 
*** SUMMARY ***
Total pot $0.15 | Rake $0.01 
Board [4c Jc 2s 8s 7c]
Seat 1: moertel777 folded on the River
Seat 2: SpruceS folded before Flop (didn't bet)
Seat 3: Artishell folded before Flop (didn't bet)
Seat 4: BiM-WiNNeR folded before Flop (didn't bet)
Seat 5: 76_Schweppes folded before Flop (didn't bet)
Seat 6: BenzJaguar (button) collected ($0.14)
Seat 7: Dorex2007 (small blind) folded before Flop
Seat 8: conej (big blind) folded before Flop



PokerStars Hand #234048255872:  Hold'em No Limit ($0.01/$0.02 USD) - 2022/02/13 14:07:42 PT [2022/02/13 17:07:42 ET]
Table 'Bahner III' 9-max Seat #7 is the button
Seat 1: moertel777 ($1.28 in chips) 
Seat 2: SpruceS ($1.93 in chips) 
Seat 3: Artishell ($2.16 in chips) 
Seat 4: BiM-WiNNeR ($2.20 in chips) 
Seat 5: 76_Schweppes ($1.83 in chips) 
Seat 6: BenzJaguar ($3.08 in chips) 
Seat 7: Dorex2007 ($4.42 in chips) 
Seat 8: conej ($2.89 in chips) 
Seat 9: HuKuTa356 ($2 in chips) 
conej: posts small blind $0.01
HuKuTa356: posts big blind $0.02
*** HOLE CARDS ***
Dealt to Dorex2007 [8s 6s]
moertel777: calls $0.02
SpruceS: folds 
Artishell: folds 
BiM-WiNNeR: folds 
76_Schweppes: folds 
BenzJaguar: raises $0.07 to $0.09
Dorex2007: folds 
conej: folds 
HuKuTa356: calls $0.07
moertel777: calls $0.07
*** FLOP *** [7h Js Ad]
HuKuTa356: checks 
moertel777: checks 
BenzJaguar: checks 
*** TURN *** [7h Js Ad] [7s]
HuKuTa356: bets $0.22
moertel777: folds 
BenzJaguar: folds 
Uncalled bet ($0.22) returned to HuKuTa356
HuKuTa356 collected $0.27 from pot
HuKuTa356: doesn't show hand 
*** SUMMARY ***
Total pot $0.28 | Rake $0.01 
Board [7h Js Ad 7s]
Seat 1: moertel777 folded on the Turn
Seat 2: SpruceS folded before Flop (didn't bet)
Seat 3: Artishell folded before Flop (didn't bet)
Seat 4: BiM-WiNNeR folded before Flop (didn't bet)
Seat 5: 76_Schweppes folded before Flop (didn't bet)
Seat 6: BenzJaguar folded on the Turn
Seat 7: Dorex2007 (button) folded before Flop (didn't bet)
Seat 8: conej (small blind) folded before Flop
Seat 9: HuKuTa356 (big blind) collected ($0.27)



PokerStars Hand #234048289093:  Hold'em No Limit ($0.01/$0.02 USD) - 2022/02/13 14:08:37 PT [2022/02/13 17:08:37 ET]
Table 'Bahner III' 9-max Seat #8 is the button
Seat 1: moertel777 ($1.19 in chips) 
Seat 2: SpruceS ($1.93 in chips) 
Seat 3: Artishell ($2.16 in chips) 
Seat 4: BiM-WiNNeR ($2.20 in chips) 
Seat 5: 76_Schweppes ($1.83 in chips) 
Seat 6: BenzJaguar ($2.99 in chips) 
Seat 7: Dorex2007 ($4.42 in chips) 
Seat 8: conej ($2.88 in chips) 
Seat 9: HuKuTa356 ($2.18 in chips) 
HuKuTa356: posts small blind $0.01
moertel777: posts big blind $0.02
*** HOLE CARDS ***
Dealt to Dorex2007 [Qs Jh]
SpruceS: calls $0.02
Artishell: calls $0.02
BiM-WiNNeR: folds 
76_Schweppes: calls $0.02
BenzJaguar: calls $0.02
Dorex2007: folds 
conej: folds 
HuKuTa356: calls $0.01
moertel777: checks 
*** FLOP *** [2h 2c 6s]
HuKuTa356: bets $0.08
moertel777: folds 
SpruceS: raises $0.08 to $0.16
Artishell: folds 
76_Schweppes: folds 
BenzJaguar: folds 
HuKuTa356: calls $0.08
*** TURN *** [2h 2c 6s] [7c]
HuKuTa356: checks 
SpruceS: bets $0.14
HuKuTa356: calls $0.14
*** RIVER *** [2h 2c 6s 7c] [3h]
HuKuTa356: checks 
SpruceS: bets $0.36
HuKuTa356: calls $0.36
*** SHOW DOWN ***
SpruceS: shows [7s 7d] (a full house, Sevens full of Deuces)
HuKuTa356: mucks hand 
SpruceS collected $1.39 from pot
*** SUMMARY ***
Total pot $1.44 | Rake $0.05 
Board [2h 2c 6s 7c 3h]
Seat 1: moertel777 (big blind) folded on the Flop
Seat 2: SpruceS showed [7s 7d] and won ($1.39) with a full house, Sevens full of Deuces
Seat 3: Artishell folded on the Flop
Seat 4: BiM-WiNNeR folded before Flop (didn't bet)
Seat 5: 76_Schweppes folded on the Flop
Seat 6: BenzJaguar folded on the Flop
Seat 7: Dorex2007 folded before Flop (didn't bet)
Seat 8: conej (button) folded before Flop (didn't bet)
Seat 9: HuKuTa356 (small blind) mucked [6d Ad]



PokerStars Hand #234048343069:  Hold'em No Limit ($0.01/$0.02 USD) - 2022/02/13 14:10:00 PT [2022/02/13 17:10:00 ET]
Table 'Bahner III' 9-max Seat #9 is the button
Seat 1: moertel777 ($1.17 in chips) 
Seat 2: SpruceS ($2.64 in chips) 
Seat 3: Artishell ($2.14 in chips) 
Seat 4: BiM-WiNNeR ($2.20 in chips) 
Seat 5: 76_Schweppes ($1.81 in chips) 
Seat 6: BenzJaguar ($2.97 in chips) 
Seat 7: Dorex2007 ($4.42 in chips) 
Seat 8: conej ($2.88 in chips) 
Seat 9: HuKuTa356 ($1.50 in chips) 
moertel777: posts small blind $0.01
SpruceS: posts big blind $0.02
*** HOLE CARDS ***
Dealt to Dorex2007 [6h 9h]
Artishell: folds 
BiM-WiNNeR: folds 
76_Schweppes: folds 
BenzJaguar: folds 
Dorex2007: folds 
conej: folds 
HuKuTa356: raises $0.04 to $0.06
moertel777: calls $0.05
SpruceS: calls $0.04
*** FLOP *** [6d Ad 5d]
moertel777: checks 
SpruceS: checks 
HuKuTa356: bets $0.06
moertel777: calls $0.06
SpruceS: folds 
*** TURN *** [6d Ad 5d] [2h]
moertel777: checks 
HuKuTa356: bets $0.10
moertel777: raises $0.10 to $0.20
HuKuTa356: calls $0.10
*** RIVER *** [6d Ad 5d 2h] [Jd]
moertel777: checks 
HuKuTa356: checks 
*** SHOW DOWN ***
moertel777: shows [Ac 2s] (two pair, Aces and Deuces)
HuKuTa356: mucks hand 
moertel777 collected $0.68 from pot
*** SUMMARY ***
Total pot $0.70 | Rake $0.02 
Board [6d Ad 5d 2h Jd]
Seat 1: moertel777 (small blind) showed [Ac 2s] and won ($0.68) with two pair, Aces and Deuces
Seat 2: SpruceS (big blind) folded on the Flop
Seat 3: Artishell folded before Flop (didn't bet)
Seat 4: BiM-WiNNeR folded before Flop (didn't bet)
Seat 5: 76_Schweppes folded before Flop (didn't bet)
Seat 6: BenzJaguar folded before Flop (didn't bet)
Seat 7: Dorex2007 folded before Flop (didn't bet)
Seat 8: conej folded before Flop (didn't bet)
Seat 9: HuKuTa356 (button) mucked [Qh Ah]



PokerStars Hand #234048389804:  Hold'em No Limit ($0.01/$0.02 USD) - 2022/02/13 14:11:18 PT [2022/02/13 17:11:18 ET]
Table 'Bahner III' 9-max Seat #1 is the button
Seat 1: moertel777 ($1.53 in chips) 
Seat 2: SpruceS ($2.58 in chips) 
Seat 3: Artishell ($2.14 in chips) 
Seat 4: BiM-WiNNeR ($2.20 in chips) 
Seat 5: 76_Schweppes ($1.81 in chips) 
Seat 6: BenzJaguar ($2.97 in chips) 
Seat 7: Dorex2007 ($4.42 in chips) 
Seat 8: conej ($2.88 in chips) 
Seat 9: HuKuTa356 ($1.18 in chips) 
SpruceS: posts small blind $0.01
Artishell: posts big blind $0.02
*** HOLE CARDS ***
Dealt to Dorex2007 [2c Qc]
BiM-WiNNeR: folds 
76_Schweppes: folds 
BenzJaguar: folds 
Dorex2007: folds 
conej: folds 
HuKuTa356: calls $0.02
moertel777: calls $0.02
SpruceS: calls $0.01
Artishell: checks 
*** FLOP *** [5c Jd 4d]
SpruceS: bets $0.08
Artishell: folds 
HuKuTa356: raises $0.08 to $0.16
moertel777: calls $0.16
SpruceS: raises $0.56 to $0.72
HuKuTa356: raises $0.44 to $1.16 and is all-in
moertel777: folds 
SpruceS: calls $0.44
*** TURN *** [5c Jd 4d] [Th]
*** RIVER *** [5c Jd 4d Th] [Js]
*** SHOW DOWN ***
SpruceS: shows [Jh 8d] (three of a kind, Jacks)
HuKuTa356: shows [4c 4h] (a full house, Fours full of Jacks)
HuKuTa356 cashed out the hand for $2.27 | Cash Out Fee $0.02
*** SUMMARY ***
Total pot $2.56 | Rake $0.09 
Board [5c Jd 4d Th Js]
Seat 1: moertel777 (button) folded on the Flop
Seat 2: SpruceS (small blind) showed [Jh 8d] and lost with three of a kind, Jacks
Seat 3: Artishell (big blind) folded on the Flop
Seat 4: BiM-WiNNeR folded before Flop (didn't bet)
Seat 5: 76_Schweppes folded before Flop (didn't bet)
Seat 6: BenzJaguar folded before Flop (didn't bet)
Seat 7: Dorex2007 folded before Flop (didn't bet)
Seat 8: conej folded before Flop (didn't bet)
Seat 9: HuKuTa356 showed [4c 4h] and won ($2.47) with a full house, Fours full of Jacks (pot not awarded as player cashed out)



PokerStars Hand #234048435783:  Hold'em No Limit ($0.01/$0.02 USD) - 2022/02/13 14:12:37 PT [2022/02/13 17:12:37 ET]
Table 'Bahner III' 9-max Seat #2 is the button
Seat 1: moertel777 ($1.35 in chips) 
Seat 2: SpruceS ($1.40 in chips) 
Seat 3: Artishell ($2.12 in chips) 
Seat 4: BiM-WiNNeR ($2.20 in chips) 
Seat 5: 76_Schweppes ($1.81 in chips) 
Seat 6: BenzJaguar ($2.97 in chips) 
Seat 7: Dorex2007 ($4.42 in chips) 
Seat 8: conej ($2.88 in chips) 
Seat 9: HuKuTa356 ($2.27 in chips) 
Artishell: posts small blind $0.01
BiM-WiNNeR: posts big blind $0.02
*** HOLE CARDS ***
Dealt to Dorex2007 [Ts Ks]
76_Schweppes: calls $0.02
BenzJaguar: folds 
Dorex2007: calls $0.02
conej: folds 
HuKuTa356: calls $0.02
moertel777: calls $0.02
SpruceS: folds 
Artishell: calls $0.01
BiM-WiNNeR: checks 
*** FLOP *** [7h 5s 7d]
Artishell: checks 
BiM-WiNNeR: checks 
76_Schweppes: checks 
Dorex2007: checks 
HuKuTa356: checks 
moertel777: checks 
*** TURN *** [7h 5s 7d] [8c]
Artishell: checks 
BiM-WiNNeR: checks 
76_Schweppes: checks 
Dorex2007: checks 
HuKuTa356: bets $0.06
moertel777: calls $0.06
Artishell: folds 
BiM-WiNNeR: folds 
76_Schweppes: folds 
76_Schweppes leaves the table
Dorex2007: folds 
*** RIVER *** [7h 5s 7d 8c] [As]
HuKuTa356: bets $0.12
moertel777: folds 
Uncalled bet ($0.12) returned to HuKuTa356
HuKuTa356 collected $0.23 from pot
HuKuTa356: doesn't show hand 
*** SUMMARY ***
Total pot $0.24 | Rake $0.01 
Board [7h 5s 7d 8c As]
Seat 1: moertel777 folded on the River
Seat 2: SpruceS (button) folded before Flop (didn't bet)
Seat 3: Artishell (small blind) folded on the Turn
Seat 4: BiM-WiNNeR (big blind) folded on the Turn
Seat 5: 76_Schweppes folded on the Turn
Seat 6: BenzJaguar folded before Flop (didn't bet)
Seat 7: Dorex2007 folded on the Turn
Seat 8: conej folded before Flop (didn't bet)
Seat 9: HuKuTa356 collected ($0.23)



PokerStars Hand #234048488093:  Hold'em No Limit ($0.01/$0.02 USD) - 2022/02/13 14:14:06 PT [2022/02/13 17:14:06 ET]
Table 'Bahner III' 9-max Seat #3 is the button
Seat 1: moertel777 ($1.27 in chips) 
Seat 2: SpruceS ($1.40 in chips) 
Seat 3: Artishell ($2.10 in chips) 
Seat 4: BiM-WiNNeR ($2.18 in chips) 
Seat 6: BenzJaguar ($2.97 in chips) 
Seat 7: Dorex2007 ($4.40 in chips) 
Seat 8: conej ($2.88 in chips) 
Seat 9: HuKuTa356 ($2.42 in chips) 
BiM-WiNNeR: posts small blind $0.01
BenzJaguar: posts big blind $0.02
*** HOLE CARDS ***
Dealt to Dorex2007 [Ks 7c]
Dorex2007: folds 
conej: folds 
HuKuTa356: folds 
moertel777: calls $0.02
Gnarburator joins the table at seat #5 
SpruceS: folds 
Artishell: calls $0.02
BiM-WiNNeR: folds 
BenzJaguar has timed out
BenzJaguar: checks 
*** FLOP *** [8s 6c Kd]
BenzJaguar: checks 
moertel777: checks 
Artishell: checks 
*** TURN *** [8s 6c Kd] [4d]
BenzJaguar: bets $0.03
moertel777: calls $0.03
Artishell: folds 
*** RIVER *** [8s 6c Kd 4d] [9h]
BenzJaguar: checks 
moertel777: checks 
*** SHOW DOWN ***
BenzJaguar: shows [Td Ah] (high card Ace)
moertel777: mucks hand 
BenzJaguar collected $0.13 from pot
*** SUMMARY ***
Total pot $0.13 | Rake $0 
Board [8s 6c Kd 4d 9h]
Seat 1: moertel777 mucked [Jd 7h]
Seat 2: SpruceS folded before Flop (didn't bet)
Seat 3: Artishell (button) folded on the Turn
Seat 4: BiM-WiNNeR (small blind) folded before Flop
Seat 6: BenzJaguar (big blind) showed [Td Ah] and won ($0.13) with high card Ace
Seat 7: Dorex2007 folded before Flop (didn't bet)
Seat 8: conej folded before Flop (didn't bet)
Seat 9: HuKuTa356 folded before Flop (didn't bet)



PokerStars Hand #234048529176:  Hold'em No Limit ($0.01/$0.02 USD) - 2022/02/13 14:15:17 PT [2022/02/13 17:15:17 ET]
Table 'Bahner III' 9-max Seat #4 is the button
Seat 1: moertel777 ($1.22 in chips) 
Seat 2: SpruceS ($1.40 in chips) 
Seat 3: Artishell ($2.08 in chips) 
Seat 4: BiM-WiNNeR ($2.17 in chips) 
Seat 6: BenzJaguar ($3.05 in chips) 
Seat 7: Dorex2007 ($4.40 in chips) 
Seat 8: conej ($2.88 in chips) 
Seat 9: HuKuTa356 ($2.42 in chips) 
BenzJaguar: posts small blind $0.01
Dorex2007: posts big blind $0.02
*** HOLE CARDS ***
Dealt to Dorex2007 [Qh Th]
conej: folds 
HuKuTa356: folds 
moertel777: calls $0.02
SpruceS: folds 
Artishell: calls $0.02
BiM-WiNNeR: folds 
BenzJaguar has timed out
BenzJaguar: folds 
Dorex2007: checks 
*** FLOP *** [6s 7c 5s]
Dorex2007: checks 
moertel777: checks 
Artishell: checks 
*** TURN *** [6s 7c 5s] [4d]
Dorex2007: checks 
moertel777: checks 
Artishell: checks 
*** RIVER *** [6s 7c 5s 4d] [3h]
Dorex2007: checks 
moertel777: checks 
Artishell: checks 
*** SHOW DOWN ***
Dorex2007: shows [Qh Th] (a straight, Three to Seven)
moertel777: shows [Jc Tc] (a straight, Three to Seven)
Artishell: shows [Ah 6h] (a straight, Three to Seven)
Dorex2007 collected $0.03 from pot
moertel777 collected $0.02 from pot
Artishell collected $0.02 from pot
*** SUMMARY ***
Total pot $0.07 | Rake $0 
Board [6s 7c 5s 4d 3h]
Seat 1: moertel777 showed [Jc Tc] and won ($0.02) with a straight, Three to Seven
Seat 2: SpruceS folded before Flop (didn't bet)
Seat 3: Artishell showed [Ah 6h] and won ($0.02) with a straight, Three to Seven
Seat 4: BiM-WiNNeR (button) folded before Flop (didn't bet)
Seat 6: BenzJaguar (small blind) folded before Flop
Seat 7: Dorex2007 (big blind) showed [Qh Th] and won ($0.03) with a straight, Three to Seven
Seat 8: conej folded before Flop (didn't bet)
Seat 9: HuKuTa356 folded before Flop (didn't bet)



PokerStars Hand #234048570758:  Hold'em No Limit ($0.01/$0.02 USD) - 2022/02/13 14:16:28 PT [2022/02/13 17:16:28 ET]
Table 'Bahner III' 9-max Seat #6 is the button
Seat 1: moertel777 ($1.22 in chips) 
Seat 2: SpruceS ($1.40 in chips) 
Seat 3: Artishell ($2.08 in chips) 
Seat 4: BiM-WiNNeR ($2.17 in chips) 
Seat 5: Gnarburator ($1.25 in chips) 
Seat 6: BenzJaguar ($3.04 in chips) 
Seat 7: Dorex2007 ($4.41 in chips) 
Seat 8: conej ($2.88 in chips) 
Seat 9: HuKuTa356 ($2.42 in chips) 
Dorex2007: posts small blind $0.01
conej: posts big blind $0.02
Gnarburator: posts big blind $0.02
*** HOLE CARDS ***
Dealt to Dorex2007 [3d 4s]
HuKuTa356: folds 
moertel777: calls $0.02
SpruceS: folds 
Artishell: folds 
BiM-WiNNeR: folds 
Gnarburator: checks 
BenzJaguar: folds 
Dorex2007: folds 
conej: raises $0.08 to $0.10
moertel777: calls $0.08
Gnarburator: folds 
*** FLOP *** [Qd 8c 6s]
conej: checks 
moertel777: checks 
*** TURN *** [Qd 8c 6s] [Ad]
conej: checks 
moertel777: checks 
*** RIVER *** [Qd 8c 6s Ad] [2h]
conej: bets $0.12
moertel777: folds 
Uncalled bet ($0.12) returned to conej
conej collected $0.22 from pot
conej: doesn't show hand 
*** SUMMARY ***
Total pot $0.23 | Rake $0.01 
Board [Qd 8c 6s Ad 2h]
Seat 1: moertel777 folded on the River
Seat 2: SpruceS folded before Flop (didn't bet)
Seat 3: Artishell folded before Flop (didn't bet)
Seat 4: BiM-WiNNeR folded before Flop (didn't bet)
Seat 5: Gnarburator folded before Flop (didn't bet)
Seat 6: BenzJaguar (button) folded before Flop (didn't bet)
Seat 7: Dorex2007 (small blind) folded before Flop
Seat 8: conej (big blind) collected ($0.22)
Seat 9: HuKuTa356 folded before Flop (didn't bet)



PokerStars Hand #234048614166:  Hold'em No Limit ($0.01/$0.02 USD) - 2022/02/13 14:17:42 PT [2022/02/13 17:17:42 ET]
Table 'Bahner III' 9-max Seat #7 is the button
Seat 1: moertel777 ($1.12 in chips) 
Seat 2: SpruceS ($1.40 in chips) 
Seat 3: Artishell ($2.08 in chips) 
Seat 4: BiM-WiNNeR ($2.17 in chips) 
Seat 5: Gnarburator ($1.23 in chips) 
Seat 6: BenzJaguar ($3.04 in chips) 
Seat 7: Dorex2007 ($4.40 in chips) 
Seat 8: conej ($3 in chips) 
Seat 9: HuKuTa356 ($2.42 in chips) 
conej: posts small blind $0.01
HuKuTa356: posts big blind $0.02
*** HOLE CARDS ***
Dealt to Dorex2007 [Kc 5c]
moertel777: calls $0.02
SpruceS: folds 
Artishell: calls $0.02
BiM-WiNNeR: folds 
Gnarburator: calls $0.02
BenzJaguar: folds 
Dorex2007: folds 
conej: folds 
HuKuTa356: checks 
*** FLOP *** [6h As Js]
HuKuTa356: bets $0.02
moertel777: calls $0.02
Artishell: folds 
Gnarburator: folds 
*** TURN *** [6h As Js] [2s]
HuKuTa356: checks 
moertel777: checks 
*** RIVER *** [6h As Js 2s] [9c]
HuKuTa356: checks 
moertel777: checks 
*** SHOW DOWN ***
HuKuTa356: shows [3h 5h] (high card Ace)
moertel777: shows [7c Th] (high card Ace - Jack+Ten kicker)
moertel777 collected $0.13 from pot
*** SUMMARY ***
Total pot $0.13 | Rake $0 
Board [6h As Js 2s 9c]
Seat 1: moertel777 showed [7c Th] and won ($0.13) with high card Ace
Seat 2: SpruceS folded before Flop (didn't bet)
Seat 3: Artishell folded on the Flop
Seat 4: BiM-WiNNeR folded before Flop (didn't bet)
Seat 5: Gnarburator folded on the Flop
Seat 6: BenzJaguar folded before Flop (didn't bet)
Seat 7: Dorex2007 (button) folded before Flop (didn't bet)
Seat 8: conej (small blind) folded before Flop
Seat 9: HuKuTa356 (big blind) showed [3h 5h] and lost with high card Ace



PokerStars Hand #234048650863:  Hold'em No Limit ($0.01/$0.02 USD) - 2022/02/13 14:18:45 PT [2022/02/13 17:18:45 ET]
Table 'Bahner III' 9-max Seat #8 is the button
Seat 1: moertel777 ($1.21 in chips) 
Seat 2: SpruceS ($1.40 in chips) 
Seat 3: Artishell ($2.06 in chips) 
Seat 4: BiM-WiNNeR ($2.17 in chips) 
Seat 5: Gnarburator ($1.21 in chips) 
Seat 6: BenzJaguar ($3.04 in chips) 
Seat 7: Dorex2007 ($4.40 in chips) 
Seat 8: conej ($2.99 in chips) 
Seat 9: HuKuTa356 ($2.38 in chips) 
HuKuTa356: posts small blind $0.01
moertel777: posts big blind $0.02
*** HOLE CARDS ***
Dealt to Dorex2007 [7s 4s]
SpruceS: folds 
Artishell: calls $0.02
BiM-WiNNeR: folds 
Gnarburator: folds 
BenzJaguar: raises $0.07 to $0.09
Dorex2007: folds 
conej: folds 
HuKuTa356: folds 
moertel777: calls $0.07
Artishell: calls $0.07
*** FLOP *** [Ac 6h 2c]
moertel777: bets $0.02
Artishell: calls $0.02
BenzJaguar: folds 
*** TURN *** [Ac 6h 2c] [Tc]
moertel777: checks 
Artishell: checks 
*** RIVER *** [Ac 6h 2c Tc] [3h]
moertel777: bets $0.02
Artishell: raises $0.18 to $0.20
moertel777: calls $0.18
*** SHOW DOWN ***
Artishell: shows [7c 8c] (a flush, Ace high)
moertel777: mucks hand 
Artishell collected $0.69 from pot
*** SUMMARY ***
Total pot $0.72 | Rake $0.03 
Board [Ac 6h 2c Tc 3h]
Seat 1: moertel777 (big blind) mucked [Ad 7d]
Seat 2: SpruceS folded before Flop (didn't bet)
Seat 3: Artishell showed [7c 8c] and won ($0.69) with a flush, Ace high
Seat 4: BiM-WiNNeR folded before Flop (didn't bet)
Seat 5: Gnarburator folded before Flop (didn't bet)
Seat 6: BenzJaguar folded on the Flop
Seat 7: Dorex2007 folded before Flop (didn't bet)
Seat 8: conej (button) folded before Flop (didn't bet)
Seat 9: HuKuTa356 (small blind) folded before Flop



PokerStars Hand #234048689125:  Hold'em No Limit ($0.01/$0.02 USD) - 2022/02/13 14:19:52 PT [2022/02/13 17:19:52 ET]
Table 'Bahner III' 9-max Seat #9 is the button
Seat 1: moertel777 ($0.90 in chips) 
Seat 2: SpruceS ($1.40 in chips) 
Seat 3: Artishell ($2.44 in chips) 
Seat 4: BiM-WiNNeR ($2.17 in chips) 
Seat 5: Gnarburator ($1.21 in chips) 
Seat 6: BenzJaguar ($2.95 in chips) 
Seat 7: Dorex2007 ($4.40 in chips) 
Seat 8: conej ($2.99 in chips) 
Seat 9: HuKuTa356 ($2.37 in chips) 
moertel777: posts small blind $0.01
SpruceS: posts big blind $0.02
*** HOLE CARDS ***
Dealt to Dorex2007 [Jh 2c]
Artishell: folds 
BiM-WiNNeR: folds 
Gnarburator: folds 
BenzJaguar: folds 
Dorex2007: folds 
conej: raises $0.04 to $0.06
HuKuTa356: calls $0.06
moertel777: calls $0.05
SpruceS: folds 
*** FLOP *** [8d Ad 6s]
moertel777: checks 
conej: checks 
HuKuTa356: bets $0.10
moertel777: folds 
conej: folds 
Uncalled bet ($0.10) returned to HuKuTa356
HuKuTa356 collected $0.19 from pot
HuKuTa356: doesn't show hand 
*** SUMMARY ***
Total pot $0.20 | Rake $0.01 
Board [8d Ad 6s]
Seat 1: moertel777 (small blind) folded on the Flop
Seat 2: SpruceS (big blind) folded before Flop
Seat 3: Artishell folded before Flop (didn't bet)
Seat 4: BiM-WiNNeR folded before Flop (didn't bet)
Seat 5: Gnarburator folded before Flop (didn't bet)
Seat 6: BenzJaguar folded before Flop (didn't bet)
Seat 7: Dorex2007 folded before Flop (didn't bet)
Seat 8: conej folded on the Flop
Seat 9: HuKuTa356 (button) collected ($0.19)



PokerStars Hand #234048727535:  Hold'em No Limit ($0.01/$0.02 USD) - 2022/02/13 14:20:50 PT [2022/02/13 17:20:50 ET]
Table 'Bahner III' 9-max Seat #1 is the button
Seat 1: moertel777 ($0.84 in chips) 
Seat 2: SpruceS ($1.38 in chips) 
Seat 4: BiM-WiNNeR ($2.17 in chips) 
Seat 5: Gnarburator ($1.21 in chips) 
Seat 6: BenzJaguar ($2.95 in chips) 
Seat 7: Dorex2007 ($4.40 in chips) 
Seat 8: conej ($2.93 in chips) 
Seat 9: HuKuTa356 ($2.50 in chips) 
SpruceS: posts small blind $0.01
Artishell: is sitting out 
BiM-WiNNeR: posts big blind $0.02
*** HOLE CARDS ***
Dealt to Dorex2007 [8d 3h]
Artishell leaves the table
Gnarburator: calls $0.02
Accsoff joins the table at seat #3 
BenzJaguar has timed out
BenzJaguar: folds 
Dorex2007: folds 
conej: folds 
HuKuTa356: calls $0.02
moertel777: calls $0.02
SpruceS: calls $0.01
BiM-WiNNeR: checks 
*** FLOP *** [Kc Th Kd]
SpruceS: bets $0.10
BiM-WiNNeR: folds 
Gnarburator: folds 
Gnarburator leaves the table
HuKuTa356: folds 
moertel777: folds 
Uncalled bet ($0.10) returned to SpruceS
SpruceS collected $0.10 from pot
*** SUMMARY ***
Total pot $0.10 | Rake $0 
Board [Kc Th Kd]
Seat 1: moertel777 (button) folded on the Flop
Seat 2: SpruceS (small blind) collected ($0.10)
Seat 4: BiM-WiNNeR (big blind) folded on the Flop
Seat 5: Gnarburator folded on the Flop
Seat 6: BenzJaguar folded before Flop (didn't bet)
Seat 7: Dorex2007 folded before Flop (didn't bet)
Seat 8: conej folded before Flop (didn't bet)
Seat 9: HuKuTa356 folded on the Flop



PokerStars Hand #234048758310:  Hold'em No Limit ($0.01/$0.02 USD) - 2022/02/13 14:21:44 PT [2022/02/13 17:21:44 ET]
Table 'Bahner III' 9-max Seat #2 is the button
Seat 1: moertel777 ($0.82 in chips) 
Seat 2: SpruceS ($1.46 in chips) 
Seat 4: BiM-WiNNeR ($2.15 in chips) 
Seat 6: BenzJaguar ($2.95 in chips) 
Seat 7: Dorex2007 ($4.40 in chips) 
Seat 8: conej ($2.93 in chips) 
Seat 9: HuKuTa356 ($2.48 in chips) 
BiM-WiNNeR: posts small blind $0.01
BenzJaguar: posts big blind $0.02
*** HOLE CARDS ***
Dealt to Dorex2007 [Js Qd]
Dorex2007: folds 
conej: folds 
HuKuTa356: folds 
moertel777: folds 
SpruceS: raises $0.05 to $0.07
BiM-WiNNeR: raises $0.13 to $0.20
BenzJaguar: raises $0.13 to $0.33
SpruceS: raises $0.86 to $1.19
BiM-WiNNeR: folds 
BenzJaguar: calls $0.86
*** FLOP *** [2c 6h 8s]
BenzJaguar: bets $0.27
SpruceS: calls $0.27 and is all-in
*** TURN *** [2c 6h 8s] [5d]
*** RIVER *** [2c 6h 8s 5d] [2h]
*** SHOW DOWN ***
BenzJaguar: shows [Kd Kc] (two pair, Kings and Deuces)
SpruceS: shows [9s 9h] (two pair, Nines and Deuces)
BenzJaguar collected $3.01 from pot
SpruceS cashed out the hand for $0.34
*** SUMMARY ***
Total pot $3.12 | Rake $0.11 
Board [2c 6h 8s 5d 2h]
Seat 1: moertel777 folded before Flop (didn't bet)
Seat 2: SpruceS (button) showed [9s 9h] and lost with two pair, Nines and Deuces (cashed out).
Seat 4: BiM-WiNNeR (small blind) folded before Flop
Seat 6: BenzJaguar (big blind) showed [Kd Kc] and won ($3.01) with two pair, Kings and Deuces
Seat 7: Dorex2007 folded before Flop (didn't bet)
Seat 8: conej folded before Flop (didn't bet)
Seat 9: HuKuTa356 folded before Flop (didn't bet)



PokerStars Hand #234048798578:  Hold'em No Limit ($0.01/$0.02 USD) - 2022/02/13 14:22:55 PT [2022/02/13 17:22:55 ET]
Table 'Bahner III' 9-max Seat #4 is the button
Seat 1: moertel777 ($0.82 in chips) 
Seat 2: SpruceS ($0.34 in chips) 
Seat 3: Accsoff ($0.80 in chips) 
Seat 4: BiM-WiNNeR ($2 in chips) 
Seat 6: BenzJaguar ($4.50 in chips) 
Seat 7: Dorex2007 ($4.40 in chips) 
Seat 8: conej ($2.93 in chips) 
Seat 9: HuKuTa356 ($2.48 in chips) 
BenzJaguar: posts small blind $0.01
Dorex2007: posts big blind $0.02
Accsoff: posts big blind $0.02
*** HOLE CARDS ***
Dealt to Dorex2007 [Js Th]
LITTLETOTO joins the table at seat #5 
conej: folds 
HuKuTa356: folds 
moertel777: calls $0.02
SpruceS: folds 
Accsoff: checks 
BiM-WiNNeR: folds 
BenzJaguar has timed out
BenzJaguar: folds 
Dorex2007: checks 
*** FLOP *** [8h 7d Jc]
Dorex2007: bets $0.07
moertel777: calls $0.07
Accsoff: folds 
*** TURN *** [8h 7d Jc] [Tc]
Dorex2007: bets $0.20
moertel777: folds 
Uncalled bet ($0.20) returned to Dorex2007
Dorex2007 collected $0.20 from pot
Dorex2007: doesn't show hand 
*** SUMMARY ***
Total pot $0.21 | Rake $0.01 
Board [8h 7d Jc Tc]
Seat 1: moertel777 folded on the Turn
Seat 2: SpruceS folded before Flop (didn't bet)
Seat 3: Accsoff folded on the Flop (didn't bet)
Seat 4: BiM-WiNNeR (button) folded before Flop (didn't bet)
Seat 6: BenzJaguar (small blind) folded before Flop
Seat 7: Dorex2007 (big blind) collected ($0.20)
Seat 8: conej folded before Flop (didn't bet)
Seat 9: HuKuTa356 folded before Flop (didn't bet)



PokerStars Hand #234048823114:  Hold'em No Limit ($0.01/$0.02 USD) - 2022/02/13 14:23:39 PT [2022/02/13 17:23:39 ET]
Table 'Bahner III' 9-max Seat #6 is the button
Seat 1: moertel777 ($0.73 in chips) 
Seat 2: SpruceS ($0.34 in chips) 
Seat 3: Accsoff ($0.78 in chips) 
Seat 4: BiM-WiNNeR ($2 in chips) 
Seat 5: LITTLETOTO ($0.80 in chips) 
Seat 6: BenzJaguar ($4.49 in chips) 
Seat 7: Dorex2007 ($4.51 in chips) 
Seat 8: conej ($2.93 in chips) 
Seat 9: HuKuTa356 ($2.48 in chips) 
Dorex2007: posts small blind $0.01
conej: posts big blind $0.02
LITTLETOTO: posts big blind $0.02
*** HOLE CARDS ***
Dealt to Dorex2007 [4d Qc]
HuKuTa356: folds 
moertel777: folds 
SpruceS: raises $0.32 to $0.34 and is all-in
Accsoff: folds 
BiM-WiNNeR: folds 
LITTLETOTO: folds 
BenzJaguar: folds 
Dorex2007: folds 
conej: folds 
Uncalled bet ($0.32) returned to SpruceS
SpruceS collected $0.07 from pot
SpruceS: doesn't show hand 
*** SUMMARY ***
Total pot $0.07 | Rake $0 
Seat 1: moertel777 folded before Flop (didn't bet)
Seat 2: SpruceS collected ($0.07)
Seat 3: Accsoff folded before Flop (didn't bet)
Seat 4: BiM-WiNNeR folded before Flop (didn't bet)
Seat 5: LITTLETOTO folded before Flop (didn't bet)
Seat 6: BenzJaguar (button) folded before Flop (didn't bet)
Seat 7: Dorex2007 (small blind) folded before Flop
Seat 8: conej (big blind) folded before Flop
Seat 9: HuKuTa356 folded before Flop (didn't bet)



PokerStars Hand #234048836764:  Hold'em No Limit ($0.01/$0.02 USD) - 2022/02/13 14:24:03 PT [2022/02/13 17:24:03 ET]
Table 'Bahner III' 9-max Seat #7 is the button
Seat 1: moertel777 ($0.73 in chips) 
Seat 2: SpruceS ($0.39 in chips) 
Seat 3: Accsoff ($0.78 in chips) 
Seat 4: BiM-WiNNeR ($2 in chips) 
Seat 5: LITTLETOTO ($0.78 in chips) 
Seat 6: BenzJaguar ($4.49 in chips) 
Seat 7: Dorex2007 ($4.50 in chips) 
Seat 8: conej ($2.91 in chips) 
Seat 9: HuKuTa356 ($2.48 in chips) 
conej: posts small blind $0.01
HuKuTa356: posts big blind $0.02
*** HOLE CARDS ***
Dealt to Dorex2007 [2d 5h]
moertel777: calls $0.02
SpruceS: folds 
Accsoff: calls $0.02
BiM-WiNNeR: folds 
LITTLETOTO: folds 
BenzJaguar has timed out
BenzJaguar: folds 
Dorex2007: folds 
conej: folds 
HuKuTa356: checks 
*** FLOP *** [8h 4h Kh]
HuKuTa356: checks 
moertel777: bets $0.04
Accsoff: folds 
HuKuTa356: calls $0.04
*** TURN *** [8h 4h Kh] [6s]
HuKuTa356: checks 
moertel777: bets $0.07
HuKuTa356: folds 
Uncalled bet ($0.07) returned to moertel777
moertel777 collected $0.14 from pot
moertel777: doesn't show hand 
*** SUMMARY ***
Total pot $0.15 | Rake $0.01 
Board [8h 4h Kh 6s]
Seat 1: moertel777 collected ($0.14)
Seat 2: SpruceS folded before Flop (didn't bet)
Seat 3: Accsoff folded on the Flop
Seat 4: BiM-WiNNeR folded before Flop (didn't bet)
Seat 5: LITTLETOTO folded before Flop (didn't bet)
Seat 6: BenzJaguar folded before Flop (didn't bet)
Seat 7: Dorex2007 (button) folded before Flop (didn't bet)
Seat 8: conej (small blind) folded before Flop
Seat 9: HuKuTa356 (big blind) folded on the Turn



PokerStars Hand #234048865941:  Hold'em No Limit ($0.01/$0.02 USD) - 2022/02/13 14:24:55 PT [2022/02/13 17:24:55 ET]
Table 'Bahner III' 9-max Seat #8 is the button
Seat 1: moertel777 ($0.81 in chips) 
Seat 2: SpruceS ($0.39 in chips) 
Seat 3: Accsoff ($0.76 in chips) 
Seat 4: BiM-WiNNeR ($2 in chips) 
Seat 5: LITTLETOTO ($0.78 in chips) 
Seat 6: BenzJaguar ($4.49 in chips) 
Seat 7: Dorex2007 ($4.50 in chips) 
Seat 8: conej ($2.90 in chips) 
Seat 9: HuKuTa356 ($2.42 in chips) 
HuKuTa356: posts small blind $0.01
moertel777: posts big blind $0.02
*** HOLE CARDS ***
Dealt to Dorex2007 [8h Ks]
SpruceS: folds 
Accsoff: calls $0.02
BiM-WiNNeR: folds 
LITTLETOTO: calls $0.02
BenzJaguar: calls $0.02
Dorex2007: folds 
conej: folds 
HuKuTa356: calls $0.01
moertel777: checks 
*** FLOP *** [9s 2d 3s]
HuKuTa356: checks 
moertel777: checks 
Accsoff: checks 
LITTLETOTO: bets $0.04
BenzJaguar: folds 
HuKuTa356: folds 
moertel777: calls $0.04
Accsoff: folds 
*** TURN *** [9s 2d 3s] [7h]
moertel777: checks 
LITTLETOTO: bets $0.06
moertel777: calls $0.06
*** RIVER *** [9s 2d 3s 7h] [Th]
moertel777: checks 
LITTLETOTO: bets $0.08
moertel777: folds 
Uncalled bet ($0.08) returned to LITTLETOTO
LITTLETOTO collected $0.29 from pot
LITTLETOTO: doesn't show hand 
*** SUMMARY ***
Total pot $0.30 | Rake $0.01 
Board [9s 2d 3s 7h Th]
Seat 1: moertel777 (big blind) folded on the River
Seat 2: SpruceS folded before Flop (didn't bet)
Seat 3: Accsoff folded on the Flop
Seat 4: BiM-WiNNeR folded before Flop (didn't bet)
Seat 5: LITTLETOTO collected ($0.29)
Seat 6: BenzJaguar folded on the Flop
Seat 7: Dorex2007 folded before Flop (didn't bet)
Seat 8: conej (button) folded before Flop (didn't bet)
Seat 9: HuKuTa356 (small blind) folded on the Flop



PokerStars Hand #234048933658:  Hold'em No Limit ($0.01/$0.02 USD) - 2022/02/13 14:26:58 PT [2022/02/13 17:26:58 ET]
Table 'Bahner III' 9-max Seat #1 is the button
Seat 1: moertel777 ($0.64 in chips) 
Seat 2: SpruceS ($0.37 in chips) 
Seat 3: Accsoff ($0.81 in chips) 
Seat 4: BiM-WiNNeR ($2 in chips) 
Seat 5: LITTLETOTO ($0.95 in chips) 
Seat 6: BenzJaguar ($4.47 in chips) 
Seat 7: Dorex2007 ($4.50 in chips) 
Seat 8: conej ($2.90 in chips) 
Seat 9: HuKuTa356 ($2.40 in chips) 
SpruceS: posts small blind $0.01
Accsoff: posts big blind $0.02
*** HOLE CARDS ***
Dealt to Dorex2007 [Kc Ts]
BiM-WiNNeR: folds 
LITTLETOTO: calls $0.02
BenzJaguar: folds 
Dorex2007: folds 
conej: folds 
HuKuTa356: calls $0.02
moertel777: folds 
SpruceS: folds 
Accsoff: checks 
*** FLOP *** [Ks As 5h]
Accsoff: bets $0.03
LITTLETOTO: folds 
HuKuTa356: calls $0.03
*** TURN *** [Ks As 5h] [8c]
Accsoff: bets $0.06
HuKuTa356: calls $0.06
*** RIVER *** [Ks As 5h 8c] [2c]
Accsoff: bets $0.12
HuKuTa356: folds 
Uncalled bet ($0.12) returned to Accsoff
Accsoff collected $0.24 from pot
Accsoff: doesn't show hand 
*** SUMMARY ***
Total pot $0.25 | Rake $0.01 
Board [Ks As 5h 8c 2c]
Seat 1: moertel777 (button) folded before Flop (didn't bet)
Seat 2: SpruceS (small blind) folded before Flop
Seat 3: Accsoff (big blind) collected ($0.24)
Seat 4: BiM-WiNNeR folded before Flop (didn't bet)
Seat 5: LITTLETOTO folded on the Flop
Seat 6: BenzJaguar folded before Flop (didn't bet)
Seat 7: Dorex2007 folded before Flop (didn't bet)
Seat 8: conej folded before Flop (didn't bet)
Seat 9: HuKuTa356 folded on the River



PokerStars Hand #234048951463:  Hold'em No Limit ($0.01/$0.02 USD) - 2022/02/13 14:27:30 PT [2022/02/13 17:27:30 ET]
Table 'Bahner III' 9-max Seat #2 is the button
Seat 1: moertel777 ($0.64 in chips) 
Seat 2: SpruceS ($0.36 in chips) 
Seat 3: Accsoff ($0.94 in chips) 
Seat 4: BiM-WiNNeR ($2 in chips) 
Seat 5: LITTLETOTO ($0.93 in chips) 
Seat 6: BenzJaguar ($4.47 in chips) 
Seat 7: Dorex2007 ($4.50 in chips) 
Seat 8: conej ($2.90 in chips) 
Seat 9: HuKuTa356 ($2.29 in chips) 
Accsoff: posts small blind $0.01
BiM-WiNNeR: posts big blind $0.02
*** HOLE CARDS ***
Dealt to Dorex2007 [4c Ah]
LITTLETOTO: calls $0.02
BenzJaguar: folds 
Dorex2007: folds 
conej has timed out
conej: folds 
HuKuTa356: calls $0.02
moertel777: calls $0.02
SpruceS: folds 
Accsoff: calls $0.01
BiM-WiNNeR: checks 
*** FLOP *** [4d Qd 2d]
Accsoff: checks 
BiM-WiNNeR: checks 
LITTLETOTO: bets $0.04
HuKuTa356: folds 
moertel777: folds 
Accsoff: folds 
BiM-WiNNeR: folds 
Uncalled bet ($0.04) returned to LITTLETOTO
LITTLETOTO collected $0.10 from pot
LITTLETOTO: doesn't show hand 
*** SUMMARY ***
Total pot $0.10 | Rake $0 
Board [4d Qd 2d]
Seat 1: moertel777 folded on the Flop
Seat 2: SpruceS (button) folded before Flop (didn't bet)
Seat 3: Accsoff (small blind) folded on the Flop
Seat 4: BiM-WiNNeR (big blind) folded on the Flop
Seat 5: LITTLETOTO collected ($0.10)
Seat 6: BenzJaguar folded before Flop (didn't bet)
Seat 7: Dorex2007 folded before Flop (didn't bet)
Seat 8: conej folded before Flop (didn't bet)
Seat 9: HuKuTa356 folded on the Flop



PokerStars Hand #234048973142:  Hold'em No Limit ($0.01/$0.02 USD) - 2022/02/13 14:28:09 PT [2022/02/13 17:28:09 ET]
Table 'Bahner III' 9-max Seat #3 is the button
Seat 1: moertel777 ($0.62 in chips) 
Seat 2: SpruceS ($0.36 in chips) 
Seat 3: Accsoff ($0.92 in chips) 
Seat 4: BiM-WiNNeR ($2 in chips) 
Seat 5: LITTLETOTO ($1.01 in chips) 
Seat 6: BenzJaguar ($4.47 in chips) 
Seat 7: Dorex2007 ($4.50 in chips) 
Seat 8: conej ($2.90 in chips) 
Seat 9: HuKuTa356 ($2.27 in chips) 
BiM-WiNNeR: posts small blind $0.01
LITTLETOTO: posts big blind $0.02
*** HOLE CARDS ***
Dealt to Dorex2007 [3s 9d]
BenzJaguar has timed out
BenzJaguar: folds 
Dorex2007: folds 
conej: folds 
HuKuTa356: raises $0.02 to $0.04
moertel777: calls $0.04
SpruceS: folds 
Accsoff: folds 
BiM-WiNNeR: folds 
LITTLETOTO: calls $0.02
*** FLOP *** [Th Kh Ac]
LITTLETOTO: bets $0.02
HuKuTa356: raises $0.02 to $0.04
moertel777: folds 
LITTLETOTO: calls $0.02
*** TURN *** [Th Kh Ac] [Qh]
LITTLETOTO: checks 
HuKuTa356: bets $0.22
LITTLETOTO: calls $0.22
*** RIVER *** [Th Kh Ac Qh] [Ad]
LITTLETOTO: checks 
HuKuTa356: bets $0.34
LITTLETOTO: calls $0.34
*** SHOW DOWN ***
HuKuTa356: shows [Ks Kd] (a full house, Kings full of Aces)
LITTLETOTO: mucks hand 
HuKuTa356 collected $1.28 from pot
*** SUMMARY ***
Total pot $1.33 | Rake $0.05 
Board [Th Kh Ac Qh Ad]
Seat 1: moertel777 folded on the Flop
Seat 2: SpruceS folded before Flop (didn't bet)
Seat 3: Accsoff (button) folded before Flop (didn't bet)
Seat 4: BiM-WiNNeR (small blind) folded before Flop
Seat 5: LITTLETOTO (big blind) mucked [8h Ah]
Seat 6: BenzJaguar folded before Flop (didn't bet)
Seat 7: Dorex2007 folded before Flop (didn't bet)
Seat 8: conej folded before Flop (didn't bet)
Seat 9: HuKuTa356 showed [Ks Kd] and won ($1.28) with a full house, Kings full of Aces



PokerStars Hand #234049026985:  Hold'em No Limit ($0.01/$0.02 USD) - 2022/02/13 14:29:36 PT [2022/02/13 17:29:36 ET]
Table 'Bahner III' 9-max Seat #4 is the button
Seat 1: moertel777 ($0.58 in chips) 
Seat 2: SpruceS ($0.36 in chips) 
Seat 3: Accsoff ($0.92 in chips) 
Seat 4: BiM-WiNNeR ($2 in chips) 
Seat 5: LITTLETOTO ($0.37 in chips) 
Seat 6: BenzJaguar ($4.47 in chips) 
Seat 7: Dorex2007 ($4.50 in chips) 
Seat 8: conej ($2.90 in chips) 
Seat 9: HuKuTa356 ($2.91 in chips) 
LITTLETOTO: posts small blind $0.01
BenzJaguar: posts big blind $0.02
*** HOLE CARDS ***
Dealt to Dorex2007 [Ad 5c]
Dorex2007: folds 
conej has timed out
conej: folds 
HuKuTa356: calls $0.02
moertel777: calls $0.02
SpruceS: folds 
Accsoff: calls $0.02
BiM-WiNNeR: raises $0.08 to $0.10
LITTLETOTO: folds 
BenzJaguar: folds 
HuKuTa356: folds 
moertel777: folds 
Accsoff: folds 
Uncalled bet ($0.08) returned to BiM-WiNNeR
BiM-WiNNeR collected $0.11 from pot
BiM-WiNNeR: doesn't show hand 
*** SUMMARY ***
Total pot $0.11 | Rake $0 
Seat 1: moertel777 folded before Flop
Seat 2: SpruceS folded before Flop (didn't bet)
Seat 3: Accsoff folded before Flop
Seat 4: BiM-WiNNeR (button) collected ($0.11)
Seat 5: LITTLETOTO (small blind) folded before Flop
Seat 6: BenzJaguar (big blind) folded before Flop
Seat 7: Dorex2007 folded before Flop (didn't bet)
Seat 8: conej folded before Flop (didn't bet)
Seat 9: HuKuTa356 folded before Flop



PokerStars Hand #234049050544:  Hold'em No Limit ($0.01/$0.02 USD) - 2022/02/13 14:30:19 PT [2022/02/13 17:30:19 ET]
Table 'Bahner III' 9-max Seat #5 is the button
Seat 1: moertel777 ($0.56 in chips) 
Seat 2: SpruceS ($0.36 in chips) 
Seat 3: Accsoff ($0.90 in chips) 
Seat 4: BiM-WiNNeR ($2.09 in chips) 
Seat 5: LITTLETOTO ($0.36 in chips) 
Seat 6: BenzJaguar ($4.45 in chips) 
Seat 7: Dorex2007 ($4.50 in chips) 
Seat 8: conej ($2.90 in chips) 
Seat 9: HuKuTa356 ($2.89 in chips) 
BenzJaguar: posts small blind $0.01
Dorex2007: posts big blind $0.02
*** HOLE CARDS ***
Dealt to Dorex2007 [Qd 8s]
conej: folds 
HuKuTa356: calls $0.02
moertel777: calls $0.02
SpruceS: folds 
Accsoff: folds 
BiM-WiNNeR: raises $0.08 to $0.10
LITTLETOTO: folds 
BenzJaguar: calls $0.09
Dorex2007: folds 
HuKuTa356: folds 
moertel777: calls $0.08
*** FLOP *** [4c 3c Jh]
BenzJaguar: checks 
moertel777: checks 
BiM-WiNNeR: checks 
*** TURN *** [4c 3c Jh] [As]
BenzJaguar: checks 
moertel777: bets $0.04
BiM-WiNNeR: calls $0.04
BenzJaguar: calls $0.04
*** RIVER *** [4c 3c Jh As] [9s]
BenzJaguar: checks 
moertel777: bets $0.06
BiM-WiNNeR: folds 
BenzJaguar: folds 
Uncalled bet ($0.06) returned to moertel777
moertel777 collected $0.44 from pot
moertel777: doesn't show hand 
*** SUMMARY ***
Total pot $0.46 | Rake $0.02 
Board [4c 3c Jh As 9s]
Seat 1: moertel777 collected ($0.44)
Seat 2: SpruceS folded before Flop (didn't bet)
Seat 3: Accsoff folded before Flop (didn't bet)
Seat 4: BiM-WiNNeR folded on the River
Seat 5: LITTLETOTO (button) folded before Flop (didn't bet)
Seat 6: BenzJaguar (small blind) folded on the River
Seat 7: Dorex2007 (big blind) folded before Flop
Seat 8: conej folded before Flop (didn't bet)
Seat 9: HuKuTa356 folded before Flop



PokerStars Hand #234049098963:  Hold'em No Limit ($0.01/$0.02 USD) - 2022/02/13 14:31:48 PT [2022/02/13 17:31:48 ET]
Table 'Bahner III' 9-max Seat #6 is the button
Seat 1: moertel777 ($0.86 in chips) 
Seat 2: SpruceS ($0.36 in chips) 
Seat 3: Accsoff ($0.90 in chips) 
Seat 4: BiM-WiNNeR ($2 in chips) 
Seat 5: LITTLETOTO ($0.36 in chips) 
Seat 6: BenzJaguar ($4.31 in chips) 
Seat 7: Dorex2007 ($4.48 in chips) 
Seat 8: conej ($2.90 in chips) 
Seat 9: HuKuTa356 ($2.87 in chips) 
Dorex2007: posts small blind $0.01
conej: posts big blind $0.02
*** HOLE CARDS ***
Dealt to Dorex2007 [6s Qc]
HuKuTa356: calls $0.02
moertel777: calls $0.02
SpruceS: raises $0.09 to $0.11
Accsoff: folds 
BiM-WiNNeR: folds 
LITTLETOTO: folds 
BenzJaguar: folds 
Dorex2007: folds 
conej: folds 
HuKuTa356: calls $0.09
moertel777: calls $0.09
*** FLOP *** [4h 3d 8d]
HuKuTa356: bets $0.22
moertel777: folds 
SpruceS: raises $0.03 to $0.25 and is all-in
HuKuTa356: calls $0.03
*** TURN *** [4h 3d 8d] [2h]
*** RIVER *** [4h 3d 8d 2h] [Qs]
*** SHOW DOWN ***
HuKuTa356: shows [Th Kd] (high card King)
SpruceS: shows [7d 7c] (a pair of Sevens)
SpruceS collected $0.83 from pot
HuKuTa356 cashed out the hand for $0.23
*** SUMMARY ***
Total pot $0.86 | Rake $0.03 
Board [4h 3d 8d 2h Qs]
Seat 1: moertel777 folded on the Flop
Seat 2: SpruceS showed [7d 7c] and won ($0.83) with a pair of Sevens
Seat 3: Accsoff folded before Flop (didn't bet)
Seat 4: BiM-WiNNeR folded before Flop (didn't bet)
Seat 5: LITTLETOTO folded before Flop (didn't bet)
Seat 6: BenzJaguar (button) folded before Flop (didn't bet)
Seat 7: Dorex2007 (small blind) folded before Flop
Seat 8: conej (big blind) folded before Flop
Seat 9: HuKuTa356 showed [Th Kd] and lost with high card King (cashed out).



PokerStars Hand #234049136299:  Hold'em No Limit ($0.01/$0.02 USD) - 2022/02/13 14:32:57 PT [2022/02/13 17:32:57 ET]
Table 'Bahner III' 9-max Seat #7 is the button
Seat 1: moertel777 ($0.75 in chips) 
Seat 2: SpruceS ($0.83 in chips) 
Seat 3: Accsoff ($0.90 in chips) 
Seat 4: BiM-WiNNeR ($2 in chips) 
Seat 5: LITTLETOTO ($0.36 in chips) 
Seat 6: BenzJaguar ($4.31 in chips) 
Seat 7: Dorex2007 ($4.47 in chips) 
Seat 9: HuKuTa356 ($2.74 in chips) 
HuKuTa356: posts small blind $0.01
moertel777: posts big blind $0.02
*** HOLE CARDS ***
Dealt to Dorex2007 [Jc Qd]
SpruceS: raises $0.05 to $0.07
Accsoff: folds 
BiM-WiNNeR: folds 
LITTLETOTO: folds 
BiM-WiNNeR leaves the table
BenzJaguar has timed out
BenzJaguar: folds 
Dorex2007: folds 
HuKuTa356: folds 
moertel777: calls $0.05
*** FLOP *** [8h Td Ac]
moertel777: checks 
geyza15 joins the table at seat #4 
SpruceS: checks 
*** TURN *** [8h Td Ac] [Ad]
moertel777: checks 
SpruceS: checks 
*** RIVER *** [8h Td Ac Ad] [Tc]
moertel777: bets $0.07
SpruceS: calls $0.07
*** SHOW DOWN ***
moertel777: shows [9s Ts] (a full house, Tens full of Aces)
SpruceS: mucks hand 
moertel777 collected $0.28 from pot
*** SUMMARY ***
Total pot $0.29 | Rake $0.01 
Board [8h Td Ac Ad Tc]
Seat 1: moertel777 (big blind) showed [9s Ts] and won ($0.28) with a full house, Tens full of Aces
Seat 2: SpruceS mucked [9d 9h]
Seat 3: Accsoff folded before Flop (didn't bet)
Seat 4: BiM-WiNNeR folded before Flop (didn't bet)
Seat 5: LITTLETOTO folded before Flop (didn't bet)
Seat 6: BenzJaguar folded before Flop (didn't bet)
Seat 7: Dorex2007 (button) folded before Flop (didn't bet)
Seat 9: HuKuTa356 (small blind) folded before Flop



PokerStars Hand #234049178312:  Hold'em No Limit ($0.01/$0.02 USD) - 2022/02/13 14:34:00 PT [2022/02/13 17:34:00 ET]
Table 'Bahner III' 9-max Seat #9 is the button
Seat 1: moertel777 ($0.89 in chips) 
Seat 2: SpruceS ($0.69 in chips) 
Seat 3: Accsoff ($0.90 in chips) 
Seat 5: LITTLETOTO ($0.36 in chips) 
Seat 6: BenzJaguar ($4.31 in chips) 
Seat 7: Dorex2007 ($4.47 in chips) 
Seat 9: HuKuTa356 ($2.73 in chips) 
moertel777: posts small blind $0.01
SpruceS: posts big blind $0.02
geyza15: sits out 
*** HOLE CARDS ***
Dealt to Dorex2007 [Jc 6h]
Accsoff: raises $0.02 to $0.04
LITTLETOTO: calls $0.04
BenzJaguar: folds 
Dorex2007: folds 
HuKuTa356: folds 
moertel777: calls $0.03
SpruceS: folds 
*** FLOP *** [Jd Qc Ks]
moertel777: checks 
Accsoff: checks 
LITTLETOTO: checks 
*** TURN *** [Jd Qc Ks] [5s]
moertel777: bets $0.07
Accsoff: folds 
LITTLETOTO: calls $0.07
*** RIVER *** [Jd Qc Ks 5s] [Tc]
moertel777: checks 
LITTLETOTO: bets $0.25 and is all-in
moertel777: calls $0.25
*** SHOW DOWN ***
LITTLETOTO: shows [8c Ad] (a straight, Ten to Ace)
moertel777: shows [Kh 9c] (a straight, Nine to King)
LITTLETOTO collected $0.75 from pot
*** SUMMARY ***
Total pot $0.78 | Rake $0.03 
Board [Jd Qc Ks 5s Tc]
Seat 1: moertel777 (small blind) showed [Kh 9c] and lost with a straight, Nine to King
Seat 2: SpruceS (big blind) folded before Flop
Seat 3: Accsoff folded on the Turn
Seat 5: LITTLETOTO showed [8c Ad] and won ($0.75) with a straight, Ten to Ace
Seat 6: BenzJaguar folded before Flop (didn't bet)
Seat 7: Dorex2007 folded before Flop (didn't bet)
Seat 9: HuKuTa356 (button) folded before Flop (didn't bet)



PokerStars Hand #234049208145:  Hold'em No Limit ($0.01/$0.02 USD) - 2022/02/13 14:34:56 PT [2022/02/13 17:34:56 ET]
Table 'Bahner III' 9-max Seat #1 is the button
Seat 1: moertel777 ($0.53 in chips) 
Seat 2: SpruceS ($0.67 in chips) 
Seat 3: Accsoff ($0.86 in chips) 
Seat 5: LITTLETOTO ($0.75 in chips) 
Seat 6: BenzJaguar ($4.31 in chips) 
Seat 7: Dorex2007 ($4.47 in chips) 
Seat 9: HuKuTa356 ($2.73 in chips) 
SpruceS: posts small blind $0.01
Accsoff: posts big blind $0.02
geyza15: sits out 
*** HOLE CARDS ***
Dealt to Dorex2007 [2d Js]
LITTLETOTO: calls $0.02
BenzJaguar has timed out
BenzJaguar: folds 
Dorex2007: folds 
HuKuTa356: calls $0.02
moertel777: calls $0.02
SpruceS: folds 
Accsoff: checks 
*** FLOP *** [4h Ts 6d]
Accsoff: bets $0.04
LITTLETOTO: folds 
HuKuTa356: raises $0.04 to $0.08
moertel777: folds 
Accsoff: calls $0.04
*** TURN *** [4h Ts 6d] [Jc]
Accsoff: checks 
HuKuTa356: bets $0.06
Accsoff: calls $0.06
*** RIVER *** [4h Ts 6d Jc] [9h]
Accsoff: checks 
HuKuTa356: bets $0.12
Accsoff: calls $0.12
*** SHOW DOWN ***
HuKuTa356: shows [Tc Jd] (two pair, Jacks and Tens)
Accsoff: mucks hand 
HuKuTa356 collected $0.59 from pot
*** SUMMARY ***
Total pot $0.61 | Rake $0.02 
Board [4h Ts 6d Jc 9h]
Seat 1: moertel777 (button) folded on the Flop
Seat 2: SpruceS (small blind) folded before Flop
Seat 3: Accsoff (big blind) mucked [Qd Td]
Seat 5: LITTLETOTO folded on the Flop
Seat 6: BenzJaguar folded before Flop (didn't bet)
Seat 7: Dorex2007 folded before Flop (didn't bet)
Seat 9: HuKuTa356 showed [Tc Jd] and won ($0.59) with two pair, Jacks and Tens



PokerStars Hand #234049241482:  Hold'em No Limit ($0.01/$0.02 USD) - 2022/02/13 14:35:58 PT [2022/02/13 17:35:58 ET]
Table 'Bahner III' 9-max Seat #2 is the button
Seat 1: moertel777 ($0.51 in chips) 
Seat 2: SpruceS ($0.66 in chips) 
Seat 3: Accsoff ($0.58 in chips) 
Seat 4: geyza15 ($2 in chips) 
Seat 5: LITTLETOTO ($0.73 in chips) 
Seat 6: BenzJaguar ($4.31 in chips) 
Seat 7: Dorex2007 ($4.47 in chips) 
Seat 8: conej ($2.88 in chips) 
Seat 9: HuKuTa356 ($3.04 in chips) 
Accsoff: posts small blind $0.01
geyza15: posts big blind $0.02
conej: posts small blind $0.01
*** HOLE CARDS ***
Dealt to Dorex2007 [2c Ah]
LITTLETOTO: calls $0.02
BenzJaguar has timed out
BenzJaguar: folds 
Dorex2007: folds 
conej: raises $0.06 to $0.08
HuKuTa356: calls $0.08
moertel777: folds 
SpruceS: folds 
Accsoff: calls $0.07
geyza15: calls $0.06
LITTLETOTO: calls $0.06
*** FLOP *** [9h Ac 2h]
Accsoff: checks 
geyza15: checks 
LITTLETOTO: checks 
conej: bets $0.20
HuKuTa356: calls $0.20
Accsoff: folds 
geyza15: folds 
LITTLETOTO: folds 
*** TURN *** [9h Ac 2h] [4c]
conej: bets $0.39
HuKuTa356: calls $0.39
*** RIVER *** [9h Ac 2h 4c] [6h]
conej: checks 
HuKuTa356: bets $0.44
conej: calls $0.44
*** SHOW DOWN ***
HuKuTa356: shows [9s As] (two pair, Aces and Nines)
conej: mucks hand 
HuKuTa356 collected $2.38 from pot
*** SUMMARY ***
Total pot $2.47 | Rake $0.09 
Board [9h Ac 2h 4c 6h]
Seat 1: moertel777 folded before Flop (didn't bet)
Seat 2: SpruceS (button) folded before Flop (didn't bet)
Seat 3: Accsoff (small blind) folded on the Flop
Seat 4: geyza15 (big blind) folded on the Flop
Seat 5: LITTLETOTO folded on the Flop
Seat 6: BenzJaguar folded before Flop (didn't bet)
Seat 7: Dorex2007 folded before Flop (didn't bet)
Seat 8: conej mucked [Ad Qs]
Seat 9: HuKuTa356 showed [9s As] and won ($2.38) with two pair, Aces and Nines



PokerStars Hand #234049301802:  Hold'em No Limit ($0.01/$0.02 USD) - 2022/02/13 14:37:51 PT [2022/02/13 17:37:51 ET]
Table 'Bahner III' 9-max Seat #3 is the button
Seat 1: moertel777 ($0.51 in chips) 
Seat 2: SpruceS ($0.66 in chips) 
Seat 3: Accsoff ($0.50 in chips) 
Seat 4: geyza15 ($2 in chips) 
Seat 5: LITTLETOTO ($0.65 in chips) 
Seat 6: BenzJaguar ($4.31 in chips) 
Seat 7: Dorex2007 ($4.47 in chips) 
Seat 8: conej ($1.76 in chips) 
Seat 9: HuKuTa356 ($4.31 in chips) 
geyza15: posts small blind $0.01
LITTLETOTO: posts big blind $0.02
*** HOLE CARDS ***
Dealt to Dorex2007 [3h 9c]
BenzJaguar has timed out
BenzJaguar: folds 
Dorex2007: folds 
conej: folds 
HuKuTa356: folds 
moertel777: calls $0.02
SpruceS: raises $0.07 to $0.09
Accsoff: folds 
geyza15: folds 
LITTLETOTO: calls $0.07
moertel777: calls $0.07
*** FLOP *** [5h As 2d]
LITTLETOTO: checks 
moertel777: checks 
SpruceS: bets $0.27
LITTLETOTO: folds 
moertel777: folds 
Uncalled bet ($0.27) returned to SpruceS
SpruceS collected $0.27 from pot
SpruceS: doesn't show hand 
*** SUMMARY ***
Total pot $0.28 | Rake $0.01 
Board [5h As 2d]
Seat 1: moertel777 folded on the Flop
Seat 2: SpruceS collected ($0.27)
Seat 3: Accsoff (button) folded before Flop (didn't bet)
Seat 4: geyza15 (small blind) folded before Flop
Seat 5: LITTLETOTO (big blind) folded on the Flop
Seat 6: BenzJaguar folded before Flop (didn't bet)
Seat 7: Dorex2007 folded before Flop (didn't bet)
Seat 8: conej folded before Flop (didn't bet)
Seat 9: HuKuTa356 folded before Flop (didn't bet)



PokerStars Hand #234049336027:  Hold'em No Limit ($0.01/$0.02 USD) - 2022/02/13 14:38:56 PT [2022/02/13 17:38:56 ET]
Table 'Bahner III' 9-max Seat #4 is the button
Seat 1: moertel777 ($0.42 in chips) 
Seat 2: SpruceS ($0.84 in chips) 
Seat 3: Accsoff ($0.50 in chips) 
Seat 4: geyza15 ($2 in chips) 
Seat 5: LITTLETOTO ($0.56 in chips) 
Seat 6: BenzJaguar ($4.31 in chips) 
Seat 7: Dorex2007 ($4.47 in chips) 
Seat 8: conej ($1.76 in chips) 
Seat 9: HuKuTa356 ($4.31 in chips) 
LITTLETOTO: posts small blind $0.01
BenzJaguar: posts big blind $0.02
*** HOLE CARDS ***
Dealt to Dorex2007 [6s 6d]
Dorex2007: calls $0.02
conej: folds 
HuKuTa356: calls $0.02
moertel777: calls $0.02
SpruceS: folds 
Accsoff: calls $0.02
geyza15: folds 
LITTLETOTO: folds 
BenzJaguar: checks 
*** FLOP *** [Qs 5h 3h]
BenzJaguar: checks 
Dorex2007: checks 
HuKuTa356: checks 
moertel777: checks 
Accsoff: checks 
*** TURN *** [Qs 5h 3h] [Jc]
BenzJaguar: checks 
Dorex2007: checks 
HuKuTa356: checks 
moertel777: checks 
Accsoff: checks 
*** RIVER *** [Qs 5h 3h Jc] [4s]
BenzJaguar: checks 
Dorex2007: checks 
HuKuTa356: checks 
moertel777: checks 
Accsoff: checks 
*** SHOW DOWN ***
BenzJaguar: shows [2c Kh] (high card King)
Dorex2007: shows [6s 6d] (a pair of Sixes)
HuKuTa356: mucks hand 
moertel777: mucks hand 
Accsoff: mucks hand 
Dorex2007 collected $0.11 from pot
*** SUMMARY ***
Total pot $0.11 | Rake $0 
Board [Qs 5h 3h Jc 4s]
Seat 1: moertel777 mucked [Ad Tc]
Seat 2: SpruceS folded before Flop (didn't bet)
Seat 3: Accsoff mucked [9h Td]
Seat 4: geyza15 (button) folded before Flop (didn't bet)
Seat 5: LITTLETOTO (small blind) folded before Flop
Seat 6: BenzJaguar (big blind) showed [2c Kh] and lost with high card King
Seat 7: Dorex2007 showed [6s 6d] and won ($0.11) with a pair of Sixes
Seat 8: conej folded before Flop (didn't bet)
Seat 9: HuKuTa356 mucked [Ts 5s]



PokerStars Hand #234049369862:  Hold'em No Limit ($0.01/$0.02 USD) - 2022/02/13 14:40:00 PT [2022/02/13 17:40:00 ET]
Table 'Bahner III' 9-max Seat #5 is the button
Seat 1: moertel777 ($0.40 in chips) 
Seat 2: SpruceS ($0.84 in chips) 
Seat 3: Accsoff ($0.48 in chips) 
Seat 4: geyza15 ($2 in chips) 
Seat 5: LITTLETOTO ($0.55 in chips) 
Seat 6: BenzJaguar ($4.29 in chips) 
Seat 7: Dorex2007 ($4.56 in chips) 
Seat 8: conej ($1.76 in chips) 
Seat 9: HuKuTa356 ($4.29 in chips) 
BenzJaguar: posts small blind $0.01
Dorex2007: posts big blind $0.02
*** HOLE CARDS ***
Dealt to Dorex2007 [Tc 5h]
conej has timed out
conej: folds 
HuKuTa356: calls $0.02
moertel777: calls $0.02
SpruceS: folds 
Accsoff: folds 
geyza15: calls $0.02
LITTLETOTO: calls $0.02
BenzJaguar: calls $0.01
Dorex2007: checks 
*** FLOP *** [9s Ts 5c]
BenzJaguar: checks 
Dorex2007: bets $0.12
HuKuTa356: calls $0.12
moertel777: raises $0.26 to $0.38 and is all-in
geyza15: folds 
LITTLETOTO: calls $0.38
BenzJaguar: folds 
Dorex2007: calls $0.26
HuKuTa356: calls $0.26
*** TURN *** [9s Ts 5c] [Th]
Dorex2007: checks 
HuKuTa356: checks 
LITTLETOTO: bets $0.15 and is all-in
Dorex2007: raises $0.33 to $0.48
HuKuTa356: folds 
Uncalled bet ($0.33) returned to Dorex2007
*** RIVER *** [9s Ts 5c Th] [7s]
*** SHOW DOWN ***
Dorex2007: shows [Tc 5h] (a full house, Tens full of Fives)
LITTLETOTO: shows [As 5d] (two pair, Tens and Fives)
moertel777: shows [Td 9d] (a full house, Tens full of Nines)
moertel777 collected $1.56 from main pot
Dorex2007 cashed out the hand for $0.33
*** SUMMARY ***
Total pot $1.94 Main pot $1.56. Side pot $0.29. | Rake $0.09 
Board [9s Ts 5c Th 7s]
Seat 1: moertel777 showed [Td 9d] and won ($1.56) with a full house, Tens full of Nines
Seat 2: SpruceS folded before Flop (didn't bet)
Seat 3: Accsoff folded before Flop (didn't bet)
Seat 4: geyza15 folded on the Flop
Seat 5: LITTLETOTO (button) showed [As 5d] and lost with two pair, Tens and Fives
Seat 6: BenzJaguar (small blind) folded on the Flop
Seat 7: Dorex2007 (big blind) showed [Tc 5h] and won ($0.29) with a full house, Tens full of Fives (pot not awarded as player cashed out)
Seat 8: conej folded before Flop (didn't bet)
Seat 9: HuKuTa356 folded on the Turn



PokerStars Hand #234049417808:  Hold'em No Limit ($0.01/$0.02 USD) - 2022/02/13 14:41:31 PT [2022/02/13 17:41:31 ET]
Table 'Bahner III' 9-max Seat #6 is the button
Seat 1: moertel777 ($1.56 in chips) 
Seat 2: SpruceS ($0.84 in chips) 
Seat 3: Accsoff ($0.48 in chips) 
Seat 4: geyza15 ($2 in chips) 
Seat 6: BenzJaguar ($4.27 in chips) 
Seat 7: Dorex2007 ($4.34 in chips) 
Seat 9: HuKuTa356 ($3.89 in chips) 
Dorex2007: posts small blind $0.01
HuKuTa356: posts big blind $0.02
*** HOLE CARDS ***
Dealt to Dorex2007 [Tc 4c]
moertel777: calls $0.02
LITTLETOTO leaves the table
SpruceS: folds 
Accsoff: calls $0.02
geyza15: folds 
BenzJaguar has timed out
BenzJaguar: folds 
Dorex2007: calls $0.01
HuKuTa356: checks 
*** FLOP *** [Ac 9h Js]
Dorex2007: checks 
HuKuTa356: checks 
moertel777: checks 
Accsoff: bets $0.04
Dorex2007: folds 
HuKuTa356: folds 
moertel777: calls $0.04
*** TURN *** [Ac 9h Js] [Jd]
moertel777: checks 
Accsoff: bets $0.07
moertel777: folds 
Uncalled bet ($0.07) returned to Accsoff
Accsoff collected $0.15 from pot
Accsoff: doesn't show hand 
*** SUMMARY ***
Total pot $0.16 | Rake $0.01 
Board [Ac 9h Js Jd]
Seat 1: moertel777 folded on the Turn
Seat 2: SpruceS folded before Flop (didn't bet)
Seat 3: Accsoff collected ($0.15)
Seat 4: geyza15 folded before Flop (didn't bet)
Seat 6: BenzJaguar (button) folded before Flop (didn't bet)
Seat 7: Dorex2007 (small blind) folded on the Flop
Seat 9: HuKuTa356 (big blind) folded on the Flop



PokerStars Hand #234049442193:  Hold'em No Limit ($0.01/$0.02 USD) - 2022/02/13 14:42:18 PT [2022/02/13 17:42:18 ET]
Table 'Bahner III' 9-max Seat #7 is the button
Seat 1: moertel777 ($1.50 in chips) 
Seat 2: SpruceS ($0.84 in chips) 
Seat 3: Accsoff ($0.57 in chips) 
Seat 4: geyza15 ($2 in chips) 
Seat 6: BenzJaguar ($4.27 in chips) 
Seat 7: Dorex2007 ($4.32 in chips) 
Seat 9: HuKuTa356 ($3.87 in chips) 
HuKuTa356: posts small blind $0.01
moertel777: posts big blind $0.02
*** HOLE CARDS ***
Dealt to Dorex2007 [8c 9c]
SpruceS: folds 
Accsoff: folds 
geyza15: calls $0.02
BenzJaguar: folds 
Dorex2007: folds 
HuKuTa356: calls $0.01
moertel777: checks 
*** FLOP *** [6s Th Jd]
LUKIANOV777 joins the table at seat #5 
HuKuTa356: checks 
moertel777: checks 
geyza15: bets $0.06
HuKuTa356: folds 
moertel777: calls $0.06
*** TURN *** [6s Th Jd] [3s]
moertel777: checks 
geyza15: bets $0.12
moertel777: calls $0.12
*** RIVER *** [6s Th Jd 3s] [9h]
moertel777: bets $0.20
geyza15: calls $0.20
*** SHOW DOWN ***
moertel777: shows [7s 8d] (a straight, Seven to Jack)
geyza15: mucks hand 
moertel777 collected $0.78 from pot
*** SUMMARY ***
Total pot $0.82 | Rake $0.04 
Board [6s Th Jd 3s 9h]
Seat 1: moertel777 (big blind) showed [7s 8d] and won ($0.78) with a straight, Seven to Jack
Seat 2: SpruceS folded before Flop (didn't bet)
Seat 3: Accsoff folded before Flop (didn't bet)
Seat 4: geyza15 mucked [6c 6h]
Seat 6: BenzJaguar folded before Flop (didn't bet)
Seat 7: Dorex2007 (button) folded before Flop (didn't bet)
Seat 9: HuKuTa356 (small blind) folded on the Flop



PokerStars Hand #234049483657:  Hold'em No Limit ($0.01/$0.02 USD) - 2022/02/13 14:43:39 PT [2022/02/13 17:43:39 ET]
Table 'Bahner III' 9-max Seat #9 is the button
Seat 1: moertel777 ($1.88 in chips) 
Seat 2: SpruceS ($0.84 in chips) 
Seat 3: Accsoff ($0.57 in chips) 
Seat 4: geyza15 ($2 in chips) 
Seat 6: BenzJaguar ($4.27 in chips) 
Seat 7: Dorex2007 ($4.32 in chips) 
Seat 8: conej ($1.76 in chips) 
Seat 9: HuKuTa356 ($3.85 in chips) 
moertel777: posts small blind $0.01
SpruceS: posts big blind $0.02
LUKIANOV777: sits out 
conej: posts small & big blinds $0.03
*** HOLE CARDS ***
Dealt to Dorex2007 [3d Qs]
Accsoff: raises $0.02 to $0.04
geyza15: folds 
BenzJaguar: folds 
Dorex2007: folds 
conej: calls $0.02
HuKuTa356: folds 
moertel777: calls $0.03
SpruceS: folds 
*** FLOP *** [8c 2h Jc]
moertel777: checks 
Accsoff: bets $0.07
conej: folds 
moertel777: folds 
Uncalled bet ($0.07) returned to Accsoff
Accsoff collected $0.14 from pot
Accsoff: doesn't show hand 
*** SUMMARY ***
Total pot $0.15 | Rake $0.01 
Board [8c 2h Jc]
Seat 1: moertel777 (small blind) folded on the Flop
Seat 2: SpruceS (big blind) folded before Flop
Seat 3: Accsoff collected ($0.14)
Seat 4: geyza15 folded before Flop (didn't bet)
Seat 6: BenzJaguar folded before Flop (didn't bet)
Seat 7: Dorex2007 folded before Flop (didn't bet)
Seat 8: conej folded on the Flop
Seat 9: HuKuTa356 (button) folded before Flop (didn't bet)



PokerStars Hand #234049507178:  Hold'em No Limit ($0.01/$0.02 USD) - 2022/02/13 14:44:25 PT [2022/02/13 17:44:25 ET]
Table 'Bahner III' 9-max Seat #1 is the button
Seat 1: moertel777 ($1.84 in chips) 
Seat 2: SpruceS ($0.82 in chips) 
Seat 3: Accsoff ($0.67 in chips) 
Seat 4: geyza15 ($2 in chips) 
Seat 6: BenzJaguar ($4.27 in chips) 
Seat 7: Dorex2007 ($4.32 in chips) 
Seat 8: conej ($1.71 in chips) 
Seat 9: HuKuTa356 ($3.85 in chips) 
SpruceS: posts small blind $0.01
Accsoff: posts big blind $0.02
LUKIANOV777: sits out 
*** HOLE CARDS ***
Dealt to Dorex2007 [Ts Ac]
geyza15: folds 
BenzJaguar has timed out
BenzJaguar: folds 
Dorex2007: raises $0.04 to $0.06
conej: folds 
HuKuTa356: calls $0.06
moertel777: calls $0.06
SpruceS: folds 
Accsoff: calls $0.04
*** FLOP *** [4h Qd 9s]
Accsoff: checks 
Dorex2007: checks 
HuKuTa356: checks 
moertel777: checks 
*** TURN *** [4h Qd 9s] [9h]
Accsoff: checks 
Dorex2007: checks 
HuKuTa356: bets $0.16
moertel777: folds 
Accsoff: folds 
Dorex2007: folds 
Uncalled bet ($0.16) returned to HuKuTa356
HuKuTa356 collected $0.24 from pot
HuKuTa356: doesn't show hand 
*** SUMMARY ***
Total pot $0.25 | Rake $0.01 
Board [4h Qd 9s 9h]
Seat 1: moertel777 (button) folded on the Turn
Seat 2: SpruceS (small blind) folded before Flop
Seat 3: Accsoff (big blind) folded on the Turn
Seat 4: geyza15 folded before Flop (didn't bet)
Seat 6: BenzJaguar folded before Flop (didn't bet)
Seat 7: Dorex2007 folded on the Turn
Seat 8: conej folded before Flop (didn't bet)
Seat 9: HuKuTa356 collected ($0.24)



PokerStars Hand #234049532587:  Hold'em No Limit ($0.01/$0.02 USD) - 2022/02/13 14:45:15 PT [2022/02/13 17:45:15 ET]
Table 'Bahner III' 9-max Seat #2 is the button
Seat 1: moertel777 ($1.78 in chips) 
Seat 2: SpruceS ($0.81 in chips) 
Seat 3: Accsoff ($0.61 in chips) 
Seat 4: geyza15 ($2 in chips) 
Seat 6: BenzJaguar ($4.27 in chips) 
Seat 7: Dorex2007 ($4.26 in chips) 
Seat 8: conej ($1.71 in chips) 
Seat 9: HuKuTa356 ($4.03 in chips) 
Accsoff: posts small blind $0.01
geyza15: posts big blind $0.02
LUKIANOV777: sits out 
*** HOLE CARDS ***
Dealt to Dorex2007 [8h Ts]
BenzJaguar: folds 
Dorex2007: folds 
conej: raises $0.04 to $0.06
HuKuTa356: calls $0.06
moertel777: calls $0.06
SpruceS: folds 
Accsoff: folds 
geyza15: folds 
*** FLOP *** [Qh 4d 7d]
conej: checks 
HuKuTa356: bets $0.08
moertel777: folds 
conej: calls $0.08
*** TURN *** [Qh 4d 7d] [8s]
conej: checks 
HuKuTa356: checks 
*** RIVER *** [Qh 4d 7d 8s] [6c]
conej: bets $0.18
HuKuTa356: folds 
Uncalled bet ($0.18) returned to conej
conej collected $0.36 from pot
conej: doesn't show hand 
*** SUMMARY ***
Total pot $0.37 | Rake $0.01 
Board [Qh 4d 7d 8s 6c]
Seat 1: moertel777 folded on the Flop
Seat 2: SpruceS (button) folded before Flop (didn't bet)
Seat 3: Accsoff (small blind) folded before Flop
Seat 4: geyza15 (big blind) folded before Flop
Seat 6: BenzJaguar folded before Flop (didn't bet)
Seat 7: Dorex2007 folded before Flop (didn't bet)
Seat 8: conej collected ($0.36)
Seat 9: HuKuTa356 folded on the River



PokerStars Hand #234049575034:  Hold'em No Limit ($0.01/$0.02 USD) - 2022/02/13 14:46:37 PT [2022/02/13 17:46:37 ET]
Table 'Bahner III' 9-max Seat #3 is the button
Seat 1: moertel777 ($1.72 in chips) 
Seat 2: SpruceS ($0.81 in chips) 
Seat 3: Accsoff ($0.60 in chips) 
Seat 4: geyza15 ($2 in chips) 
Seat 5: LUKIANOV777 ($2 in chips) 
Seat 6: BenzJaguar ($4.27 in chips) 
Seat 7: Dorex2007 ($4.26 in chips) 
Seat 8: conej ($1.93 in chips) 
Seat 9: HuKuTa356 ($3.89 in chips) 
geyza15: posts small blind $0.01
LUKIANOV777: posts big blind $0.02
*** HOLE CARDS ***
Dealt to Dorex2007 [Kc 3d]
BenzJaguar: raises $0.05 to $0.07
Dorex2007: folds 
conej: folds 
HuKuTa356: calls $0.07
moertel777: folds 
SpruceS: calls $0.07
Accsoff: folds 
geyza15: folds 
LUKIANOV777: calls $0.05
*** FLOP *** [4d Kh 7h]
LUKIANOV777: checks 
BenzJaguar: bets $0.04
HuKuTa356: calls $0.04
SpruceS: calls $0.04
LUKIANOV777 has timed out
LUKIANOV777: folds 
*** TURN *** [4d Kh 7h] [9h]
BenzJaguar: checks 
HuKuTa356: checks 
SpruceS: bets $0.70 and is all-in
BenzJaguar: folds 
HuKuTa356: folds 
Uncalled bet ($0.70) returned to SpruceS
SpruceS collected $0.40 from pot
SpruceS: doesn't show hand 
*** SUMMARY ***
Total pot $0.41 | Rake $0.01 
Board [4d Kh 7h 9h]
Seat 1: moertel777 folded before Flop (didn't bet)
Seat 2: SpruceS collected ($0.40)
Seat 3: Accsoff (button) folded before Flop (didn't bet)
Seat 4: geyza15 (small blind) folded before Flop
Seat 5: LUKIANOV777 (big blind) folded on the Flop
Seat 6: BenzJaguar folded on the Turn
Seat 7: Dorex2007 folded before Flop (didn't bet)
Seat 8: conej folded before Flop (didn't bet)
Seat 9: HuKuTa356 folded on the Turn



