PokerStars Hand #232793267022:  Hold'em No Limit ($0.01/$0.02 USD) - 2022/01/03 15:20:55 PT [2022/01/03 18:20:55 ET]
Table 'Kriemhild IV' 9-max Seat #1 is the button
Seat 1: jeff1524 ($1.73 in chips) 
Seat 2: Gaxes GK ($4.55 in chips) 
Seat 3: realmadrid18win ($0.80 in chips) 
Seat 4: hesc a. ($0.72 in chips) 
Seat 5: susi6666 ($4.54 in chips) 
Seat 6: K_banks1 ($0.43 in chips) 
Seat 8: frosa9397 ($1.75 in chips) 
Seat 9: Dorex2007 ($2 in chips) 
Gaxes GK: posts small blind $0.01
realmadrid18win: posts big blind $0.02
Dorex2007: posts big blind $0.02
*** HOLE CARDS ***
Dealt to Dorex2007 [7c 3d]
hesc a.: folds 
susi6666: folds 
K_banks1: folds 
frosa9397: folds 
Dorex2007: checks 
jeff1524: raises $0.04 to $0.06
Gaxes GK: folds 
realmadrid18win: folds 
Dorex2007: folds 
Uncalled bet ($0.04) returned to jeff1524
jeff1524 collected $0.07 from pot
jeff1524: doesn't show hand 
*** SUMMARY ***
Total pot $0.07 | Rake $0 
Seat 1: jeff1524 (button) collected ($0.07)
Seat 2: Gaxes GK (small blind) folded before Flop
Seat 3: realmadrid18win (big blind) folded before Flop
Seat 4: hesc a. folded before Flop (didn't bet)
Seat 5: susi6666 folded before Flop (didn't bet)
Seat 6: K_banks1 folded before Flop (didn't bet)
Seat 8: frosa9397 folded before Flop (didn't bet)
Seat 9: Dorex2007 folded before Flop (didn't bet)



PokerStars Hand #232793279998:  Hold'em No Limit ($0.01/$0.02 USD) - 2022/01/03 15:21:21 PT [2022/01/03 18:21:21 ET]
Table 'Kriemhild IV' 9-max Seat #2 is the button
Seat 1: jeff1524 ($1.78 in chips) 
Seat 2: Gaxes GK ($4.54 in chips) 
Seat 3: realmadrid18win ($0.78 in chips) 
Seat 4: hesc a. ($0.72 in chips) 
Seat 5: susi6666 ($4.54 in chips) 
Seat 6: K_banks1 ($0.43 in chips) 
Seat 8: frosa9397 ($1.75 in chips) 
Seat 9: Dorex2007 ($2 in chips) 
realmadrid18win: posts small blind $0.01
hesc a.: posts big blind $0.02
*** HOLE CARDS ***
Dealt to Dorex2007 [8d Ts]
susi6666: folds 
K_banks1: folds 
frosa9397: raises $0.05 to $0.07
Dorex2007: folds 
jeff1524: folds 
Gaxes GK: folds 
realmadrid18win: folds 
hesc a.: folds 
Uncalled bet ($0.05) returned to frosa9397
frosa9397 collected $0.05 from pot
frosa9397: doesn't show hand 
*** SUMMARY ***
Total pot $0.05 | Rake $0 
Seat 1: jeff1524 folded before Flop (didn't bet)
Seat 2: Gaxes GK (button) folded before Flop (didn't bet)
Seat 3: realmadrid18win (small blind) folded before Flop
Seat 4: hesc a. (big blind) folded before Flop
Seat 5: susi6666 folded before Flop (didn't bet)
Seat 6: K_banks1 folded before Flop (didn't bet)
Seat 8: frosa9397 collected ($0.05)
Seat 9: Dorex2007 folded before Flop (didn't bet)



PokerStars Hand #232793298143:  Hold'em No Limit ($0.01/$0.02 USD) - 2022/01/03 15:21:58 PT [2022/01/03 18:21:58 ET]
Table 'Kriemhild IV' 9-max Seat #3 is the button
Seat 1: jeff1524 ($1.78 in chips) 
Seat 2: Gaxes GK ($4.54 in chips) 
Seat 3: realmadrid18win ($0.77 in chips) 
Seat 4: hesc a. ($0.70 in chips) 
Seat 5: susi6666 ($4.54 in chips) 
Seat 6: K_banks1 ($0.43 in chips) 
Seat 8: frosa9397 ($1.78 in chips) 
Seat 9: Dorex2007 ($2 in chips) 
hesc a.: posts small blind $0.01
susi6666: posts big blind $0.02
*** HOLE CARDS ***
Dealt to Dorex2007 [Jh 7d]
K_banks1: folds 
frosa9397: folds 
Dorex2007: folds 
jeff1524: folds 
Gaxes GK: folds 
realmadrid18win: folds 
hesc a.: folds 
Uncalled bet ($0.01) returned to susi6666
susi6666 collected $0.02 from pot
susi6666: doesn't show hand 
*** SUMMARY ***
Total pot $0.02 | Rake $0 
Seat 1: jeff1524 folded before Flop (didn't bet)
Seat 2: Gaxes GK folded before Flop (didn't bet)
Seat 3: realmadrid18win (button) folded before Flop (didn't bet)
Seat 4: hesc a. (small blind) folded before Flop
Seat 5: susi6666 (big blind) collected ($0.02)
Seat 6: K_banks1 folded before Flop (didn't bet)
Seat 8: frosa9397 folded before Flop (didn't bet)
Seat 9: Dorex2007 folded before Flop (didn't bet)



PokerStars Hand #232793307934:  Hold'em No Limit ($0.01/$0.02 USD) - 2022/01/03 15:22:17 PT [2022/01/03 18:22:17 ET]
Table 'Kriemhild IV' 9-max Seat #4 is the button
Seat 1: jeff1524 ($1.78 in chips) 
Seat 2: Gaxes GK ($4.54 in chips) 
Seat 3: realmadrid18win ($0.77 in chips) 
Seat 4: hesc a. ($0.69 in chips) 
Seat 5: susi6666 ($4.55 in chips) 
Seat 6: K_banks1 ($0.43 in chips) 
Seat 8: frosa9397 ($1.78 in chips) 
Seat 9: Dorex2007 ($2 in chips) 
susi6666: posts small blind $0.01
K_banks1: posts big blind $0.02
*** HOLE CARDS ***
Dealt to Dorex2007 [5d 6h]
frosa9397: folds 
Dorex2007: folds 
jeff1524 has timed out
jeff1524: folds 
Gaxes GK: folds 
realmadrid18win: raises $0.04 to $0.06
hesc a.: calls $0.06
susi6666: folds 
K_banks1: folds 
*** FLOP *** [Ac 5c Qs]
realmadrid18win: checks 
hesc a.: checks 
*** TURN *** [Ac 5c Qs] [5s]
realmadrid18win: bets $0.12
hesc a.: raises $0.51 to $0.63 and is all-in
realmadrid18win: folds 
Uncalled bet ($0.51) returned to hesc a.
hesc a. collected $0.38 from pot
hesc a.: doesn't show hand 
*** SUMMARY ***
Total pot $0.39 | Rake $0.01 
Board [Ac 5c Qs 5s]
Seat 1: jeff1524 folded before Flop (didn't bet)
Seat 2: Gaxes GK folded before Flop (didn't bet)
Seat 3: realmadrid18win folded on the Turn
Seat 4: hesc a. (button) collected ($0.38)
Seat 5: susi6666 (small blind) folded before Flop
Seat 6: K_banks1 (big blind) folded before Flop
Seat 8: frosa9397 folded before Flop (didn't bet)
Seat 9: Dorex2007 folded before Flop (didn't bet)



PokerStars Hand #232793331014:  Hold'em No Limit ($0.01/$0.02 USD) - 2022/01/03 15:23:04 PT [2022/01/03 18:23:04 ET]
Table 'Kriemhild IV' 9-max Seat #5 is the button
Seat 1: jeff1524 ($1.78 in chips) 
Seat 2: Gaxes GK ($4.54 in chips) 
Seat 3: realmadrid18win ($0.59 in chips) 
Seat 4: hesc a. ($0.89 in chips) 
Seat 5: susi6666 ($4.54 in chips) 
Seat 6: K_banks1 ($0.41 in chips) 
Seat 8: frosa9397 ($1.78 in chips) 
Seat 9: Dorex2007 ($2 in chips) 
K_banks1: posts small blind $0.01
frosa9397: posts big blind $0.02
*** HOLE CARDS ***
Dealt to Dorex2007 [Th Ad]
Dorex2007: folds 
jeff1524: raises $0.02 to $0.04
Gaxes GK: folds 
realmadrid18win: folds 
hesc a.: folds 
susi6666: calls $0.04
K_banks1: folds 
frosa9397: folds 
*** FLOP *** [5s 9s 7s]
jeff1524: checks 
susi6666: checks 
*** TURN *** [5s 9s 7s] [Jc]
jeff1524: checks 
susi6666: bets $0.05
jeff1524: calls $0.05
*** RIVER *** [5s 9s 7s Jc] [Qh]
jeff1524: checks 
susi6666: checks 
*** SHOW DOWN ***
jeff1524: shows [Ac Jh] (a pair of Jacks)
susi6666: mucks hand 
jeff1524 collected $0.20 from pot
*** SUMMARY ***
Total pot $0.21 | Rake $0.01 
Board [5s 9s 7s Jc Qh]
Seat 1: jeff1524 showed [Ac Jh] and won ($0.20) with a pair of Jacks
Seat 2: Gaxes GK folded before Flop (didn't bet)
Seat 3: realmadrid18win folded before Flop (didn't bet)
Seat 4: hesc a. folded before Flop (didn't bet)
Seat 5: susi6666 (button) mucked [8d Jd]
Seat 6: K_banks1 (small blind) folded before Flop
Seat 8: frosa9397 (big blind) folded before Flop
Seat 9: Dorex2007 folded before Flop (didn't bet)



PokerStars Hand #232793357881:  Hold'em No Limit ($0.01/$0.02 USD) - 2022/01/03 15:23:58 PT [2022/01/03 18:23:58 ET]
Table 'Kriemhild IV' 9-max Seat #6 is the button
Seat 1: jeff1524 ($1.89 in chips) 
Seat 2: Gaxes GK ($4.54 in chips) 
Seat 3: realmadrid18win ($0.59 in chips) 
Seat 4: hesc a. ($0.89 in chips) 
Seat 5: susi6666 ($4.45 in chips) 
Seat 6: K_banks1 ($0.40 in chips) 
Seat 8: frosa9397 ($1.76 in chips) 
Seat 9: Dorex2007 ($2 in chips) 
frosa9397: posts small blind $0.01
Dorex2007: posts big blind $0.02
*** HOLE CARDS ***
Dealt to Dorex2007 [5d Kd]
jeff1524: raises $0.02 to $0.04
Gaxes GK: folds 
realmadrid18win: folds 
hesc a.: folds 
susi6666: raises $0.11 to $0.15
K_banks1: folds 
frosa9397: folds 
Dorex2007: folds 
jeff1524: folds 
Uncalled bet ($0.11) returned to susi6666
susi6666 collected $0.11 from pot
susi6666: doesn't show hand 
*** SUMMARY ***
Total pot $0.11 | Rake $0 
Seat 1: jeff1524 folded before Flop
Seat 2: Gaxes GK folded before Flop (didn't bet)
Seat 3: realmadrid18win folded before Flop (didn't bet)
Seat 4: hesc a. folded before Flop (didn't bet)
Seat 5: susi6666 collected ($0.11)
Seat 6: K_banks1 (button) folded before Flop (didn't bet)
Seat 8: frosa9397 (small blind) folded before Flop
Seat 9: Dorex2007 (big blind) folded before Flop



PokerStars Hand #232793372594:  Hold'em No Limit ($0.01/$0.02 USD) - 2022/01/03 15:24:28 PT [2022/01/03 18:24:28 ET]
Table 'Kriemhild IV' 9-max Seat #8 is the button
Seat 1: jeff1524 ($1.85 in chips) 
Seat 2: Gaxes GK ($4.54 in chips) 
Seat 3: realmadrid18win ($0.59 in chips) 
Seat 4: hesc a. ($0.89 in chips) 
Seat 5: susi6666 ($4.52 in chips) 
Seat 6: K_banks1 ($0.40 in chips) 
Seat 8: frosa9397 ($1.75 in chips) 
Seat 9: Dorex2007 ($2 in chips) 
Dorex2007: posts small blind $0.01
jeff1524: posts big blind $0.02
*** HOLE CARDS ***
Dealt to Dorex2007 [4d 9s]
Gaxes GK: calls $0.02
realmadrid18win: folds 
hesc a.: folds 
susi6666: folds 
K_banks1: folds 
frosa9397: folds 
Dorex2007: folds 
jeff1524: checks 
*** FLOP *** [2h 8d Tc]
jeff1524: bets $0.04
Gaxes GK: calls $0.04
*** TURN *** [2h 8d Tc] [3c]
jeff1524: checks 
Gaxes GK: bets $0.06
jeff1524: folds 
Uncalled bet ($0.06) returned to Gaxes GK
Gaxes GK collected $0.13 from pot
Gaxes GK: doesn't show hand 
*** SUMMARY ***
Total pot $0.13 | Rake $0 
Board [2h 8d Tc 3c]
Seat 1: jeff1524 (big blind) folded on the Turn
Seat 2: Gaxes GK collected ($0.13)
Seat 3: realmadrid18win folded before Flop (didn't bet)
Seat 4: hesc a. folded before Flop (didn't bet)
Seat 5: susi6666 folded before Flop (didn't bet)
Seat 6: K_banks1 folded before Flop (didn't bet)
Seat 8: frosa9397 (button) folded before Flop (didn't bet)
Seat 9: Dorex2007 (small blind) folded before Flop



PokerStars Hand #232793427931:  Hold'em No Limit ($0.01/$0.02 USD) - 2022/01/03 15:25:51 PT [2022/01/03 18:25:51 ET]
Table 'Kriemhild IV' 9-max Seat #9 is the button
Seat 1: jeff1524 ($1.79 in chips) 
Seat 2: Gaxes GK ($4.61 in chips) 
Seat 3: realmadrid18win ($0.59 in chips) 
Seat 4: hesc a. ($0.89 in chips) 
Seat 5: susi6666 ($4.52 in chips) 
Seat 6: K_banks1 ($0.40 in chips) 
Seat 8: frosa9397 ($1.75 in chips) 
Seat 9: Dorex2007 ($2 in chips) 
jeff1524: posts small blind $0.01
Gaxes GK: posts big blind $0.02
monstrrrik: sits out 
*** HOLE CARDS ***
Dealt to Dorex2007 [6d 2c]
realmadrid18win: folds 
hesc a.: raises $0.02 to $0.04
susi6666: calls $0.04
K_banks1: folds 
frosa9397: calls $0.04
Dorex2007: folds 
jeff1524: folds 
Gaxes GK: calls $0.02
*** FLOP *** [Qs 9s 8s]
Gaxes GK: checks 
hesc a.: checks 
susi6666: bets $0.08
frosa9397: calls $0.08
Gaxes GK: calls $0.08
hesc a.: folds 
*** TURN *** [Qs 9s 8s] [5d]
Gaxes GK: checks 
susi6666: checks 
frosa9397: bets $0.20
K_banks1 is disconnected 
Gaxes GK: folds 
susi6666: folds 
Uncalled bet ($0.20) returned to frosa9397
frosa9397 collected $0.40 from pot
frosa9397: doesn't show hand 
*** SUMMARY ***
Total pot $0.41 | Rake $0.01 
Board [Qs 9s 8s 5d]
Seat 1: jeff1524 (small blind) folded before Flop
Seat 2: Gaxes GK (big blind) folded on the Turn
Seat 3: realmadrid18win folded before Flop (didn't bet)
Seat 4: hesc a. folded on the Flop
Seat 5: susi6666 folded on the Turn
Seat 6: K_banks1 folded before Flop (didn't bet)
Seat 8: frosa9397 collected ($0.40)
Seat 9: Dorex2007 (button) folded before Flop (didn't bet)



PokerStars Hand #232793483975:  Hold'em No Limit ($0.01/$0.02 USD) - 2022/01/03 15:27:31 PT [2022/01/03 18:27:31 ET]
Table 'Kriemhild IV' 9-max Seat #1 is the button
Seat 1: jeff1524 ($1.78 in chips) 
Seat 2: Gaxes GK ($4.49 in chips) 
Seat 3: realmadrid18win ($0.59 in chips) 
Seat 4: hesc a. ($0.85 in chips) 
Seat 5: susi6666 ($4.40 in chips) 
Seat 6: K_banks1 ($0.40 in chips) 
Seat 8: frosa9397 ($2.03 in chips) 
Seat 9: Dorex2007 ($2 in chips) 
Gaxes GK: posts small blind $0.01
realmadrid18win: posts big blind $0.02
monstrrrik: sits out 
*** HOLE CARDS ***
Dealt to Dorex2007 [Ah 7s]
hesc a.: folds 
susi6666: calls $0.02
K_banks1: folds 
frosa9397: folds 
Dorex2007: folds 
jeff1524: folds 
Gaxes GK: calls $0.01
realmadrid18win: checks 
*** FLOP *** [Jh Qc Ks]
Gaxes GK: checks 
realmadrid18win: checks 
susi6666: checks 
*** TURN *** [Jh Qc Ks] [4d]
Gaxes GK: checks 
realmadrid18win: checks 
susi6666: checks 
*** RIVER *** [Jh Qc Ks 4d] [7c]
Gaxes GK: checks 
realmadrid18win: checks 
susi6666: checks 
*** SHOW DOWN ***
Gaxes GK: shows [6c Ts] (high card King)
realmadrid18win: mucks hand 
susi6666: shows [5c As] (high card Ace)
susi6666 collected $0.06 from pot
*** SUMMARY ***
Total pot $0.06 | Rake $0 
Board [Jh Qc Ks 4d 7c]
Seat 1: jeff1524 (button) folded before Flop (didn't bet)
Seat 2: Gaxes GK (small blind) showed [6c Ts] and lost with high card King
Seat 3: realmadrid18win (big blind) mucked [9c 3h]
Seat 4: hesc a. folded before Flop (didn't bet)
Seat 5: susi6666 showed [5c As] and won ($0.06) with high card Ace
Seat 6: K_banks1 folded before Flop (didn't bet)
Seat 8: frosa9397 folded before Flop (didn't bet)
Seat 9: Dorex2007 folded before Flop (didn't bet)



PokerStars Hand #232793503603:  Hold'em No Limit ($0.01/$0.02 USD) - 2022/01/03 15:28:11 PT [2022/01/03 18:28:11 ET]
Table 'Kriemhild IV' 9-max Seat #2 is the button
Seat 1: jeff1524 ($1.78 in chips) 
Seat 2: Gaxes GK ($4.47 in chips) 
Seat 3: realmadrid18win ($0.57 in chips) 
Seat 4: hesc a. ($0.85 in chips) 
Seat 5: susi6666 ($4.44 in chips) 
Seat 6: K_banks1 ($0.40 in chips) 
Seat 8: frosa9397 ($2.03 in chips) 
Seat 9: Dorex2007 ($2 in chips) 
realmadrid18win: posts small blind $0.01
hesc a.: posts big blind $0.02
monstrrrik: sits out 
*** HOLE CARDS ***
Dealt to Dorex2007 [9c 9s]
susi6666: calls $0.02
K_banks1: raises $0.14 to $0.16
frosa9397: folds 
Dorex2007: folds 
jeff1524: folds 
Gaxes GK: folds 
realmadrid18win: folds 
hesc a.: folds 
susi6666: calls $0.14
*** FLOP *** [7h 3s 2d]
susi6666: checks 
K_banks1: bets $0.24 and is all-in
susi6666: folds 
Uncalled bet ($0.24) returned to K_banks1
K_banks1 collected $0.34 from pot
K_banks1: doesn't show hand 
*** SUMMARY ***
Total pot $0.35 | Rake $0.01 
Board [7h 3s 2d]
Seat 1: jeff1524 folded before Flop (didn't bet)
Seat 2: Gaxes GK (button) folded before Flop (didn't bet)
Seat 3: realmadrid18win (small blind) folded before Flop
Seat 4: hesc a. (big blind) folded before Flop
Seat 5: susi6666 folded on the Flop
Seat 6: K_banks1 collected ($0.34)
Seat 8: frosa9397 folded before Flop (didn't bet)
Seat 9: Dorex2007 folded before Flop (didn't bet)



PokerStars Hand #232793523067:  Hold'em No Limit ($0.01/$0.02 USD) - 2022/01/03 15:28:51 PT [2022/01/03 18:28:51 ET]
Table 'Kriemhild IV' 9-max Seat #3 is the button
Seat 1: jeff1524 ($1.78 in chips) 
Seat 2: Gaxes GK ($4.47 in chips) 
Seat 3: realmadrid18win ($0.56 in chips) 
Seat 4: hesc a. ($0.83 in chips) 
Seat 5: susi6666 ($4.28 in chips) 
Seat 6: K_banks1 ($0.58 in chips) 
Seat 8: frosa9397 ($2.03 in chips) 
Seat 9: Dorex2007 ($2 in chips) 
hesc a.: posts small blind $0.01
susi6666: posts big blind $0.02
monstrrrik: sits out 
*** HOLE CARDS ***
Dealt to Dorex2007 [2s Jd]
K_banks1: folds 
frosa9397: folds 
Dorex2007: folds 
jeff1524: folds 
Gaxes GK: folds 
realmadrid18win: raises $0.04 to $0.06
hesc a.: folds 
susi6666: calls $0.04
*** FLOP *** [Js 2c 6d]
susi6666: checks 
realmadrid18win: checks 
*** TURN *** [Js 2c 6d] [Kh]
susi6666: checks 
realmadrid18win: bets $0.05
susi6666: folds 
Uncalled bet ($0.05) returned to realmadrid18win
realmadrid18win collected $0.13 from pot
*** SUMMARY ***
Total pot $0.13 | Rake $0 
Board [Js 2c 6d Kh]
Seat 1: jeff1524 folded before Flop (didn't bet)
Seat 2: Gaxes GK folded before Flop (didn't bet)
Seat 3: realmadrid18win (button) collected ($0.13)
Seat 4: hesc a. (small blind) folded before Flop
Seat 5: susi6666 (big blind) folded on the Turn
Seat 6: K_banks1 folded before Flop (didn't bet)
Seat 8: frosa9397 folded before Flop (didn't bet)
Seat 9: Dorex2007 folded before Flop (didn't bet)



PokerStars Hand #232793559695:  Hold'em No Limit ($0.01/$0.02 USD) - 2022/01/03 15:30:06 PT [2022/01/03 18:30:06 ET]
Table 'Kriemhild IV' 9-max Seat #4 is the button
Seat 1: jeff1524 ($1.78 in chips) 
Seat 2: Gaxes GK ($4.47 in chips) 
Seat 3: realmadrid18win ($0.63 in chips) 
Seat 4: hesc a. ($0.82 in chips) 
Seat 5: susi6666 ($4.22 in chips) 
Seat 6: K_banks1 ($0.58 in chips) 
Seat 8: frosa9397 ($2.03 in chips) 
Seat 9: Dorex2007 ($2 in chips) 
susi6666: posts small blind $0.01
K_banks1: posts big blind $0.02
monstrrrik: sits out 
*** HOLE CARDS ***
Dealt to Dorex2007 [4d 8c]
frosa9397: calls $0.02
Dorex2007: folds 
jeff1524: folds 
Gaxes GK: folds 
realmadrid18win: folds 
hesc a.: calls $0.02
susi6666: calls $0.01
K_banks1: checks 
*** FLOP *** [Jh Jd 7c]
susi6666: bets $0.02
K_banks1: folds 
frosa9397: folds 
hesc a.: folds 
Uncalled bet ($0.02) returned to susi6666
susi6666 collected $0.08 from pot
susi6666: doesn't show hand 
*** SUMMARY ***
Total pot $0.08 | Rake $0 
Board [Jh Jd 7c]
Seat 1: jeff1524 folded before Flop (didn't bet)
Seat 2: Gaxes GK folded before Flop (didn't bet)
Seat 3: realmadrid18win folded before Flop (didn't bet)
Seat 4: hesc a. (button) folded on the Flop
Seat 5: susi6666 (small blind) collected ($0.08)
Seat 6: K_banks1 (big blind) folded on the Flop
Seat 8: frosa9397 folded on the Flop
Seat 9: Dorex2007 folded before Flop (didn't bet)



PokerStars Hand #232793582269:  Hold'em No Limit ($0.01/$0.02 USD) - 2022/01/03 15:30:52 PT [2022/01/03 18:30:52 ET]
Table 'Kriemhild IV' 9-max Seat #5 is the button
Seat 1: jeff1524 ($1.78 in chips) 
Seat 2: Gaxes GK ($4.47 in chips) 
Seat 3: realmadrid18win ($0.63 in chips) 
Seat 4: hesc a. ($0.80 in chips) 
Seat 5: susi6666 ($4.28 in chips) 
Seat 6: K_banks1 ($0.56 in chips) 
Seat 7: monstrrrik ($2 in chips) 
Seat 8: frosa9397 ($2.01 in chips) 
Seat 9: Dorex2007 ($2 in chips) 
K_banks1: posts small blind $0.01
monstrrrik: posts big blind $0.02
*** HOLE CARDS ***
Dealt to Dorex2007 [Qs Ks]
frosa9397 has timed out
frosa9397: folds 
Dorex2007: folds 
jeff1524: folds 
Gaxes GK: folds 
realmadrid18win: raises $0.04 to $0.06
hesc a.: folds 
susi6666: folds 
K_banks1: folds 
monstrrrik: folds 
Uncalled bet ($0.04) returned to realmadrid18win
realmadrid18win collected $0.05 from pot
*** SUMMARY ***
Total pot $0.05 | Rake $0 
Seat 1: jeff1524 folded before Flop (didn't bet)
Seat 2: Gaxes GK folded before Flop (didn't bet)
Seat 3: realmadrid18win collected ($0.05)
Seat 4: hesc a. folded before Flop (didn't bet)
Seat 5: susi6666 (button) folded before Flop (didn't bet)
Seat 6: K_banks1 (small blind) folded before Flop
Seat 7: monstrrrik (big blind) folded before Flop
Seat 8: frosa9397 folded before Flop (didn't bet)
Seat 9: Dorex2007 folded before Flop (didn't bet)



PokerStars Hand #232793595918:  Hold'em No Limit ($0.01/$0.02 USD) - 2022/01/03 15:31:20 PT [2022/01/03 18:31:20 ET]
Table 'Kriemhild IV' 9-max Seat #6 is the button
Seat 1: jeff1524 ($1.78 in chips) 
Seat 2: Gaxes GK ($4.47 in chips) 
Seat 3: realmadrid18win ($0.66 in chips) 
Seat 4: hesc a. ($0.80 in chips) 
Seat 5: susi6666 ($4.28 in chips) 
Seat 6: K_banks1 ($0.55 in chips) 
Seat 7: monstrrrik ($2 in chips) 
Seat 8: frosa9397 ($2.01 in chips) 
Seat 9: Dorex2007 ($2 in chips) 
monstrrrik: posts small blind $0.01
frosa9397: posts big blind $0.02
*** HOLE CARDS ***
Dealt to Dorex2007 [8h 4d]
Dorex2007: folds 
jeff1524: folds 
Gaxes GK: folds 
realmadrid18win: folds 
hesc a.: folds 
susi6666: folds 
K_banks1: folds 
monstrrrik: folds 
Uncalled bet ($0.01) returned to frosa9397
frosa9397 collected $0.02 from pot
frosa9397: doesn't show hand 
*** SUMMARY ***
Total pot $0.02 | Rake $0 
Seat 1: jeff1524 folded before Flop (didn't bet)
Seat 2: Gaxes GK folded before Flop (didn't bet)
Seat 3: realmadrid18win folded before Flop (didn't bet)
Seat 4: hesc a. folded before Flop (didn't bet)
Seat 5: susi6666 folded before Flop (didn't bet)
Seat 6: K_banks1 (button) folded before Flop (didn't bet)
Seat 7: monstrrrik (small blind) folded before Flop
Seat 8: frosa9397 (big blind) collected ($0.02)
Seat 9: Dorex2007 folded before Flop (didn't bet)



PokerStars Hand #232793604772:  Hold'em No Limit ($0.01/$0.02 USD) - 2022/01/03 15:31:38 PT [2022/01/03 18:31:38 ET]
Table 'Kriemhild IV' 9-max Seat #7 is the button
Seat 1: jeff1524 ($1.78 in chips) 
Seat 2: Gaxes GK ($4.47 in chips) 
Seat 3: realmadrid18win ($0.66 in chips) 
Seat 4: hesc a. ($0.80 in chips) 
Seat 5: susi6666 ($4.28 in chips) 
Seat 6: K_banks1 ($0.55 in chips) 
Seat 7: monstrrrik ($2 in chips) 
Seat 8: frosa9397 ($2.02 in chips) 
Seat 9: Dorex2007 ($2 in chips) 
frosa9397: posts small blind $0.01
Dorex2007: posts big blind $0.02
*** HOLE CARDS ***
Dealt to Dorex2007 [2s 4h]
jeff1524: folds 
Gaxes GK: folds 
realmadrid18win: raises $0.04 to $0.06
hesc a.: folds 
susi6666: calls $0.06
K_banks1: folds 
monstrrrik: folds 
frosa9397: folds 
Dorex2007: folds 
*** FLOP *** [5c Ad 7s]
realmadrid18win: checks 
susi6666: checks 
*** TURN *** [5c Ad 7s] [9d]
realmadrid18win: bets $0.05
susi6666: folds 
Uncalled bet ($0.05) returned to realmadrid18win
realmadrid18win collected $0.14 from pot
*** SUMMARY ***
Total pot $0.15 | Rake $0.01 
Board [5c Ad 7s 9d]
Seat 1: jeff1524 folded before Flop (didn't bet)
Seat 2: Gaxes GK folded before Flop (didn't bet)
Seat 3: realmadrid18win collected ($0.14)
Seat 4: hesc a. folded before Flop (didn't bet)
Seat 5: susi6666 folded on the Turn
Seat 6: K_banks1 folded before Flop (didn't bet)
Seat 7: monstrrrik (button) folded before Flop (didn't bet)
Seat 8: frosa9397 (small blind) folded before Flop
Seat 9: Dorex2007 (big blind) folded before Flop



PokerStars Hand #232793620871:  Hold'em No Limit ($0.01/$0.02 USD) - 2022/01/03 15:32:10 PT [2022/01/03 18:32:10 ET]
Table 'Kriemhild IV' 9-max Seat #8 is the button
Seat 1: jeff1524 ($1.78 in chips) 
Seat 2: Gaxes GK ($4.47 in chips) 
Seat 3: realmadrid18win ($0.74 in chips) 
Seat 4: hesc a. ($0.80 in chips) 
Seat 5: susi6666 ($4.22 in chips) 
Seat 6: K_banks1 ($0.55 in chips) 
Seat 7: monstrrrik ($2 in chips) 
Seat 8: frosa9397 ($2.01 in chips) 
Seat 9: Dorex2007 ($2 in chips) 
Dorex2007: posts small blind $0.01
jeff1524: posts big blind $0.02
*** HOLE CARDS ***
Dealt to Dorex2007 [Qc 3c]
Gaxes GK: folds 
realmadrid18win: folds 
hesc a.: folds 
susi6666: calls $0.02
K_banks1: folds 
monstrrrik: folds 
frosa9397: folds 
Dorex2007: folds 
jeff1524: checks 
*** FLOP *** [Kd Qs 4h]
jeff1524: checks 
susi6666: bets $0.02
jeff1524 has timed out
jeff1524: folds 
Uncalled bet ($0.02) returned to susi6666
susi6666 collected $0.05 from pot
susi6666: doesn't show hand 
*** SUMMARY ***
Total pot $0.05 | Rake $0 
Board [Kd Qs 4h]
Seat 1: jeff1524 (big blind) folded on the Flop
Seat 2: Gaxes GK folded before Flop (didn't bet)
Seat 3: realmadrid18win folded before Flop (didn't bet)
Seat 4: hesc a. folded before Flop (didn't bet)
Seat 5: susi6666 collected ($0.05)
Seat 6: K_banks1 folded before Flop (didn't bet)
Seat 7: monstrrrik folded before Flop (didn't bet)
Seat 8: frosa9397 (button) folded before Flop (didn't bet)
Seat 9: Dorex2007 (small blind) folded before Flop



PokerStars Hand #232793645328:  Hold'em No Limit ($0.01/$0.02 USD) - 2022/01/03 15:32:59 PT [2022/01/03 18:32:59 ET]
Table 'Kriemhild IV' 9-max Seat #9 is the button
Seat 1: jeff1524 ($1.76 in chips) 
Seat 2: Gaxes GK ($4.47 in chips) 
Seat 3: realmadrid18win ($0.74 in chips) 
Seat 4: hesc a. ($0.80 in chips) 
Seat 5: susi6666 ($4.25 in chips) 
Seat 6: K_banks1 ($0.55 in chips) 
Seat 7: monstrrrik ($2 in chips) 
Seat 8: frosa9397 ($2.01 in chips) 
Seat 9: Dorex2007 ($2 in chips) 
jeff1524: posts small blind $0.01
Gaxes GK: posts big blind $0.02
*** HOLE CARDS ***
Dealt to Dorex2007 [5s 7s]
realmadrid18win: folds 
hesc a.: folds 
susi6666: calls $0.02
K_banks1: raises $0.10 to $0.12
monstrrrik: folds 
frosa9397: folds 
Dorex2007: folds 
jeff1524: folds 
Gaxes GK: folds 
susi6666: calls $0.10
*** FLOP *** [Tc Jc 6d]
susi6666: bets $0.13
K_banks1: folds 
Uncalled bet ($0.13) returned to susi6666
susi6666 collected $0.26 from pot
susi6666: doesn't show hand 
*** SUMMARY ***
Total pot $0.27 | Rake $0.01 
Board [Tc Jc 6d]
Seat 1: jeff1524 (small blind) folded before Flop
Seat 2: Gaxes GK (big blind) folded before Flop
Seat 3: realmadrid18win folded before Flop (didn't bet)
Seat 4: hesc a. folded before Flop (didn't bet)
Seat 5: susi6666 collected ($0.26)
Seat 6: K_banks1 folded on the Flop
Seat 7: monstrrrik folded before Flop (didn't bet)
Seat 8: frosa9397 folded before Flop (didn't bet)
Seat 9: Dorex2007 (button) folded before Flop (didn't bet)



PokerStars Hand #232793659255:  Hold'em No Limit ($0.01/$0.02 USD) - 2022/01/03 15:33:28 PT [2022/01/03 18:33:28 ET]
Table 'Kriemhild IV' 9-max Seat #1 is the button
Seat 1: jeff1524 ($1.75 in chips) 
Seat 2: Gaxes GK ($4.45 in chips) 
Seat 3: realmadrid18win ($0.74 in chips) 
Seat 4: hesc a. ($0.80 in chips) 
Seat 5: susi6666 ($4.39 in chips) 
Seat 6: K_banks1 ($0.43 in chips) 
Seat 7: monstrrrik ($2 in chips) 
Seat 8: frosa9397 ($2.01 in chips) 
Seat 9: Dorex2007 ($2 in chips) 
Gaxes GK: posts small blind $0.01
realmadrid18win: posts big blind $0.02
*** HOLE CARDS ***
Dealt to Dorex2007 [Qc Qd]
hesc a.: folds 
susi6666: calls $0.02
K_banks1: raises $0.04 to $0.06
monstrrrik: folds 
frosa9397: folds 
Dorex2007: raises $0.12 to $0.18
jeff1524: folds 
Gaxes GK: folds 
realmadrid18win: folds 
susi6666: calls $0.16
K_banks1: calls $0.12
*** FLOP *** [3s 9s Ac]
susi6666: checks 
K_banks1: checks 
Dorex2007: bets $0.20
susi6666: folds 
K_banks1: folds 
Uncalled bet ($0.20) returned to Dorex2007
Dorex2007 collected $0.55 from pot
Dorex2007: doesn't show hand 
*** SUMMARY ***
Total pot $0.57 | Rake $0.02 
Board [3s 9s Ac]
Seat 1: jeff1524 (button) folded before Flop (didn't bet)
Seat 2: Gaxes GK (small blind) folded before Flop
Seat 3: realmadrid18win (big blind) folded before Flop
Seat 4: hesc a. folded before Flop (didn't bet)
Seat 5: susi6666 folded on the Flop
Seat 6: K_banks1 folded on the Flop
Seat 7: monstrrrik folded before Flop (didn't bet)
Seat 8: frosa9397 folded before Flop (didn't bet)
Seat 9: Dorex2007 collected ($0.55)



PokerStars Hand #232793684186:  Hold'em No Limit ($0.01/$0.02 USD) - 2022/01/03 15:34:18 PT [2022/01/03 18:34:18 ET]
Table 'Kriemhild IV' 9-max Seat #2 is the button
Seat 1: jeff1524 ($1.75 in chips) 
Seat 2: Gaxes GK ($4.44 in chips) 
Seat 3: realmadrid18win ($0.72 in chips) 
Seat 4: hesc a. ($0.80 in chips) 
Seat 5: susi6666 ($4.21 in chips) 
Seat 6: K_banks1 ($0.25 in chips) 
Seat 7: monstrrrik ($2 in chips) 
Seat 8: frosa9397 ($2.01 in chips) 
Seat 9: Dorex2007 ($2.37 in chips) 
realmadrid18win: posts small blind $0.01
hesc a.: posts big blind $0.02
*** HOLE CARDS ***
Dealt to Dorex2007 [9d 5s]
susi6666: raises $0.02 to $0.04
K_banks1: raises $0.21 to $0.25 and is all-in
monstrrrik: folds 
frosa9397: folds 
Dorex2007: folds 
jeff1524: folds 
Gaxes GK: folds 
realmadrid18win: folds 
hesc a.: calls $0.23
susi6666: calls $0.21
*** FLOP *** [4h 4s 7c]
hesc a.: bets $0.55 and is all-in
susi6666: folds 
Uncalled bet ($0.55) returned to hesc a.
*** TURN *** [4h 4s 7c] [Ah]
*** RIVER *** [4h 4s 7c Ah] [9c]
*** SHOW DOWN ***
hesc a.: shows [Ad Kd] (two pair, Aces and Fours)
K_banks1: shows [Jh As] (two pair, Aces and Fours - lower kicker)
hesc a. collected $0.73 from pot
*** SUMMARY ***
Total pot $0.76 | Rake $0.03 
Board [4h 4s 7c Ah 9c]
Seat 1: jeff1524 folded before Flop (didn't bet)
Seat 2: Gaxes GK (button) folded before Flop (didn't bet)
Seat 3: realmadrid18win (small blind) folded before Flop
Seat 4: hesc a. (big blind) showed [Ad Kd] and won ($0.73) with two pair, Aces and Fours
Seat 5: susi6666 folded on the Flop
Seat 6: K_banks1 showed [Jh As] and lost with two pair, Aces and Fours
Seat 7: monstrrrik folded before Flop (didn't bet)
Seat 8: frosa9397 folded before Flop (didn't bet)
Seat 9: Dorex2007 folded before Flop (didn't bet)



PokerStars Hand #232793704240:  Hold'em No Limit ($0.01/$0.02 USD) - 2022/01/03 15:35:00 PT [2022/01/03 18:35:00 ET]
Table 'Kriemhild IV' 9-max Seat #3 is the button
Seat 1: jeff1524 ($1.75 in chips) 
Seat 2: Gaxes GK ($4.44 in chips) 
Seat 3: realmadrid18win ($0.71 in chips) 
Seat 4: hesc a. ($1.28 in chips) 
Seat 5: susi6666 ($3.96 in chips) 
Seat 7: monstrrrik ($2 in chips) 
Seat 8: frosa9397 ($2.01 in chips) 
Seat 9: Dorex2007 ($2.37 in chips) 
hesc a.: posts small blind $0.01
susi6666: posts big blind $0.02
*** HOLE CARDS ***
Dealt to Dorex2007 [8h Tc]
monstrrrik: folds 
frosa9397: folds 
Dorex2007: folds 
K_banks1 leaves the table
jeff1524: raises $0.04 to $0.06
tigraaan93 joins the table at seat #6 
Gaxes GK: folds 
realmadrid18win: folds 
hesc a.: folds 
susi6666: calls $0.04
*** FLOP *** [3c Jc 5c]
susi6666: checks 
jeff1524: bets $0.06
susi6666: folds 
Uncalled bet ($0.06) returned to jeff1524
jeff1524 collected $0.13 from pot
jeff1524: doesn't show hand 
tigraaan93 leaves the table
*** SUMMARY ***
Total pot $0.13 | Rake $0 
Board [3c Jc 5c]
Seat 1: jeff1524 collected ($0.13)
Seat 2: Gaxes GK folded before Flop (didn't bet)
Seat 3: realmadrid18win (button) folded before Flop (didn't bet)
Seat 4: hesc a. (small blind) folded before Flop
Seat 5: susi6666 (big blind) folded on the Flop
Seat 7: monstrrrik folded before Flop (didn't bet)
Seat 8: frosa9397 folded before Flop (didn't bet)
Seat 9: Dorex2007 folded before Flop (didn't bet)



PokerStars Hand #232793720145:  Hold'em No Limit ($0.01/$0.02 USD) - 2022/01/03 15:35:33 PT [2022/01/03 18:35:33 ET]
Table 'Kriemhild IV' 9-max Seat #4 is the button
Seat 1: jeff1524 ($1.82 in chips) 
Seat 2: Gaxes GK ($4.44 in chips) 
Seat 3: realmadrid18win ($0.71 in chips) 
Seat 4: hesc a. ($1.27 in chips) 
Seat 5: susi6666 ($3.90 in chips) 
Seat 7: monstrrrik ($2 in chips) 
Seat 8: frosa9397 ($2.01 in chips) 
Seat 9: Dorex2007 ($2.37 in chips) 
susi6666: posts small blind $0.01
monstrrrik: posts big blind $0.02
*** HOLE CARDS ***
Dealt to Dorex2007 [6h Kh]
frosa9397: folds 
Dorex2007: folds 
jeff1524: folds 
Gaxes GK: folds 
realmadrid18win: raises $0.04 to $0.06
hesc a.: folds 
susi6666: calls $0.05
monstrrrik: folds 
*** FLOP *** [6c 7h Jc]
susi6666: checks 
realmadrid18win: checks 
*** TURN *** [6c 7h Jc] [8d]
susi6666: bets $0.14
KDtemoRF joins the table at seat #6 
realmadrid18win: folds 
Uncalled bet ($0.14) returned to susi6666
susi6666 collected $0.14 from pot
susi6666: doesn't show hand 
*** SUMMARY ***
Total pot $0.14 | Rake $0 
Board [6c 7h Jc 8d]
Seat 1: jeff1524 folded before Flop (didn't bet)
Seat 2: Gaxes GK folded before Flop (didn't bet)
Seat 3: realmadrid18win folded on the Turn
Seat 4: hesc a. (button) folded before Flop (didn't bet)
Seat 5: susi6666 (small blind) collected ($0.14)
Seat 7: monstrrrik (big blind) folded before Flop
Seat 8: frosa9397 folded before Flop (didn't bet)
Seat 9: Dorex2007 folded before Flop (didn't bet)



PokerStars Hand #232793737614:  Hold'em No Limit ($0.01/$0.02 USD) - 2022/01/03 15:36:08 PT [2022/01/03 18:36:08 ET]
Table 'Kriemhild IV' 9-max Seat #5 is the button
Seat 1: jeff1524 ($1.82 in chips) 
Seat 2: Gaxes GK ($4.44 in chips) 
Seat 3: realmadrid18win ($0.65 in chips) 
Seat 4: hesc a. ($1.27 in chips) 
Seat 5: susi6666 ($3.98 in chips) 
Seat 7: monstrrrik ($2 in chips) 
Seat 8: frosa9397 ($2.01 in chips) 
Seat 9: Dorex2007 ($2.37 in chips) 
monstrrrik: posts small blind $0.01
frosa9397: posts big blind $0.02
*** HOLE CARDS ***
Dealt to Dorex2007 [Jd 6c]
Dorex2007 has timed out
Dorex2007: folds 
jeff1524: folds 
Gaxes GK: folds 
realmadrid18win: folds 
hesc a.: folds 
susi6666: calls $0.02
monstrrrik: folds 
frosa9397: checks 
*** FLOP *** [Jh 6s As]
frosa9397: checks 
susi6666: bets $0.02
frosa9397: folds 
Uncalled bet ($0.02) returned to susi6666
susi6666 collected $0.05 from pot
susi6666: doesn't show hand 
*** SUMMARY ***
Total pot $0.05 | Rake $0 
Board [Jh 6s As]
Seat 1: jeff1524 folded before Flop (didn't bet)
Seat 2: Gaxes GK folded before Flop (didn't bet)
Seat 3: realmadrid18win folded before Flop (didn't bet)
Seat 4: hesc a. folded before Flop (didn't bet)
Seat 5: susi6666 (button) collected ($0.05)
Seat 7: monstrrrik (small blind) folded before Flop
Seat 8: frosa9397 (big blind) folded on the Flop
Seat 9: Dorex2007 folded before Flop (didn't bet)



PokerStars Hand #232793757412:  Hold'em No Limit ($0.01/$0.02 USD) - 2022/01/03 15:36:49 PT [2022/01/03 18:36:49 ET]
Table 'Kriemhild IV' 9-max Seat #7 is the button
Seat 1: jeff1524 ($1.82 in chips) 
Seat 2: Gaxes GK ($4.44 in chips) 
Seat 3: realmadrid18win ($0.65 in chips) 
Seat 4: hesc a. ($1.27 in chips) 
Seat 5: susi6666 ($4.01 in chips) 
Seat 7: monstrrrik ($2 in chips) 
Seat 8: frosa9397 ($1.99 in chips) 
Seat 9: Dorex2007 ($2.37 in chips) 
frosa9397: posts small blind $0.01
Dorex2007: posts big blind $0.02
KDtemoRF: sits out 
*** HOLE CARDS ***
Dealt to Dorex2007 [6d Kh]
jeff1524: folds 
Gaxes GK: folds 
realmadrid18win: folds 
hesc a.: folds 
susi6666: folds 
monstrrrik: raises $0.05 to $0.07
frosa9397: folds 
Dorex2007: folds 
Uncalled bet ($0.05) returned to monstrrrik
monstrrrik collected $0.05 from pot
monstrrrik: doesn't show hand 
*** SUMMARY ***
Total pot $0.05 | Rake $0 
Seat 1: jeff1524 folded before Flop (didn't bet)
Seat 2: Gaxes GK folded before Flop (didn't bet)
Seat 3: realmadrid18win folded before Flop (didn't bet)
Seat 4: hesc a. folded before Flop (didn't bet)
Seat 5: susi6666 folded before Flop (didn't bet)
Seat 7: monstrrrik (button) collected ($0.05)
Seat 8: frosa9397 (small blind) folded before Flop
Seat 9: Dorex2007 (big blind) folded before Flop



PokerStars Hand #232793764820:  Hold'em No Limit ($0.01/$0.02 USD) - 2022/01/03 15:37:04 PT [2022/01/03 18:37:04 ET]
Table 'Kriemhild IV' 9-max Seat #8 is the button
Seat 1: jeff1524 ($1.82 in chips) 
Seat 2: Gaxes GK ($4.44 in chips) 
Seat 3: realmadrid18win ($0.65 in chips) 
Seat 4: hesc a. ($1.27 in chips) 
Seat 5: susi6666 ($4.01 in chips) 
Seat 7: monstrrrik ($2.03 in chips) 
Seat 8: frosa9397 ($1.98 in chips) 
Seat 9: Dorex2007 ($2.35 in chips) 
Dorex2007: posts small blind $0.01
jeff1524: posts big blind $0.02
KDtemoRF: sits out 
*** HOLE CARDS ***
Dealt to Dorex2007 [Jd 5h]
Gaxes GK: folds 
realmadrid18win: folds 
hesc a.: raises $0.06 to $0.08
susi6666: folds 
monstrrrik: folds 
frosa9397: folds 
Dorex2007: folds 
jeff1524: folds 
Uncalled bet ($0.06) returned to hesc a.
hesc a. collected $0.05 from pot
hesc a.: doesn't show hand 
*** SUMMARY ***
Total pot $0.05 | Rake $0 
Seat 1: jeff1524 (big blind) folded before Flop
Seat 2: Gaxes GK folded before Flop (didn't bet)
Seat 3: realmadrid18win folded before Flop (didn't bet)
Seat 4: hesc a. collected ($0.05)
Seat 5: susi6666 folded before Flop (didn't bet)
Seat 7: monstrrrik folded before Flop (didn't bet)
Seat 8: frosa9397 (button) folded before Flop (didn't bet)
Seat 9: Dorex2007 (small blind) folded before Flop



PokerStars Hand #232793773594:  Hold'em No Limit ($0.01/$0.02 USD) - 2022/01/03 15:37:22 PT [2022/01/03 18:37:22 ET]
Table 'Kriemhild IV' 9-max Seat #9 is the button
Seat 1: jeff1524 ($1.80 in chips) 
Seat 2: Gaxes GK ($4.44 in chips) 
Seat 3: realmadrid18win ($0.65 in chips) 
Seat 4: hesc a. ($1.30 in chips) 
Seat 5: susi6666 ($4.01 in chips) 
Seat 7: monstrrrik ($2.03 in chips) 
Seat 8: frosa9397 ($1.98 in chips) 
Seat 9: Dorex2007 ($2.34 in chips) 
jeff1524: posts small blind $0.01
Gaxes GK: posts big blind $0.02
KDtemoRF: sits out 
*** HOLE CARDS ***
Dealt to Dorex2007 [8c 3c]
realmadrid18win: folds 
hesc a.: raises $0.02 to $0.04
susi6666: folds 
monstrrrik: folds 
frosa9397: folds 
Dorex2007: folds 
jeff1524: folds 
Gaxes GK: raises $0.08 to $0.12
hesc a.: folds 
Uncalled bet ($0.08) returned to Gaxes GK
Gaxes GK collected $0.09 from pot
Gaxes GK: doesn't show hand 
*** SUMMARY ***
Total pot $0.09 | Rake $0 
Seat 1: jeff1524 (small blind) folded before Flop
Seat 2: Gaxes GK (big blind) collected ($0.09)
Seat 3: realmadrid18win folded before Flop (didn't bet)
Seat 4: hesc a. folded before Flop
Seat 5: susi6666 folded before Flop (didn't bet)
Seat 7: monstrrrik folded before Flop (didn't bet)
Seat 8: frosa9397 folded before Flop (didn't bet)
Seat 9: Dorex2007 (button) folded before Flop (didn't bet)



PokerStars Hand #232793790224:  Hold'em No Limit ($0.01/$0.02 USD) - 2022/01/03 15:37:56 PT [2022/01/03 18:37:56 ET]
Table 'Kriemhild IV' 9-max Seat #1 is the button
Seat 1: jeff1524 ($1.79 in chips) 
Seat 2: Gaxes GK ($4.49 in chips) 
Seat 3: realmadrid18win ($0.65 in chips) 
Seat 4: hesc a. ($1.26 in chips) 
Seat 5: susi6666 ($4.01 in chips) 
Seat 7: monstrrrik ($2.03 in chips) 
Seat 8: frosa9397 ($1.98 in chips) 
Seat 9: Dorex2007 ($2.34 in chips) 
Gaxes GK: posts small blind $0.01
realmadrid18win: posts big blind $0.02
KDtemoRF: sits out 
*** HOLE CARDS ***
Dealt to Dorex2007 [9s 9d]
hesc a.: folds 
susi6666: calls $0.02
monstrrrik: folds 
frosa9397: calls $0.02
Dorex2007: calls $0.02
jeff1524: folds 
Gaxes GK: calls $0.01
realmadrid18win: checks 
*** FLOP *** [3c Tc 2d]
Gaxes GK: checks 
realmadrid18win: checks 
susi6666: checks 
frosa9397: checks 
Dorex2007: checks 
*** TURN *** [3c Tc 2d] [7s]
Gaxes GK: checks 
realmadrid18win: checks 
susi6666: checks 
frosa9397: checks 
Dorex2007: bets $0.07
Gaxes GK: folds 
realmadrid18win: folds 
susi6666: folds 
frosa9397: folds 
Uncalled bet ($0.07) returned to Dorex2007
Dorex2007 collected $0.10 from pot
Dorex2007: doesn't show hand 
*** SUMMARY ***
Total pot $0.10 | Rake $0 
Board [3c Tc 2d 7s]
Seat 1: jeff1524 (button) folded before Flop (didn't bet)
Seat 2: Gaxes GK (small blind) folded on the Turn
Seat 3: realmadrid18win (big blind) folded on the Turn
Seat 4: hesc a. folded before Flop (didn't bet)
Seat 5: susi6666 folded on the Turn
Seat 7: monstrrrik folded before Flop (didn't bet)
Seat 8: frosa9397 folded on the Turn
Seat 9: Dorex2007 collected ($0.10)



PokerStars Hand #232793827399:  Hold'em No Limit ($0.01/$0.02 USD) - 2022/01/03 15:39:14 PT [2022/01/03 18:39:14 ET]
Table 'Kriemhild IV' 9-max Seat #2 is the button
Seat 1: jeff1524 ($1.79 in chips) 
Seat 2: Gaxes GK ($4.47 in chips) 
Seat 3: realmadrid18win ($0.63 in chips) 
Seat 4: hesc a. ($1.26 in chips) 
Seat 5: susi6666 ($3.99 in chips) 
Seat 7: monstrrrik ($2.03 in chips) 
Seat 8: frosa9397 ($1.96 in chips) 
Seat 9: Dorex2007 ($2.42 in chips) 
realmadrid18win: posts small blind $0.01
hesc a.: posts big blind $0.02
KDtemoRF: sits out 
*** HOLE CARDS ***
Dealt to Dorex2007 [Qs Ks]
susi6666: folds 
monstrrrik: folds 
frosa9397: folds 
Dorex2007: calls $0.02
jeff1524: folds 
Gaxes GK: folds 
realmadrid18win: calls $0.01
hesc a.: checks 
*** FLOP *** [Th 7c 8h]
realmadrid18win: checks 
hesc a.: checks 
Dorex2007: checks 
*** TURN *** [Th 7c 8h] [2h]
realmadrid18win: checks 
hesc a.: checks 
Dorex2007: checks 
*** RIVER *** [Th 7c 8h 2h] [Qh]
realmadrid18win: checks 
hesc a.: checks 
Dorex2007: checks 
*** SHOW DOWN ***
realmadrid18win: shows [9h Ad] (a flush, Queen high)
hesc a.: mucks hand 
Dorex2007: mucks hand 
realmadrid18win collected $0.06 from pot
*** SUMMARY ***
Total pot $0.06 | Rake $0 
Board [Th 7c 8h 2h Qh]
Seat 1: jeff1524 folded before Flop (didn't bet)
Seat 2: Gaxes GK (button) folded before Flop (didn't bet)
Seat 3: realmadrid18win (small blind) showed [9h Ad] and won ($0.06) with a flush, Queen high
Seat 4: hesc a. (big blind) mucked [5c 5d]
Seat 5: susi6666 folded before Flop (didn't bet)
Seat 7: monstrrrik folded before Flop (didn't bet)
Seat 8: frosa9397 folded before Flop (didn't bet)
Seat 9: Dorex2007 mucked [Qs Ks]



PokerStars Hand #232793849851:  Hold'em No Limit ($0.01/$0.02 USD) - 2022/01/03 15:40:01 PT [2022/01/03 18:40:01 ET]
Table 'Kriemhild IV' 9-max Seat #3 is the button
Seat 1: jeff1524 ($1.79 in chips) 
Seat 2: Gaxes GK ($4.47 in chips) 
Seat 3: realmadrid18win ($0.67 in chips) 
Seat 4: hesc a. ($1.24 in chips) 
Seat 5: susi6666 ($3.99 in chips) 
Seat 7: monstrrrik ($2.03 in chips) 
Seat 8: frosa9397 ($1.96 in chips) 
Seat 9: Dorex2007 ($2.40 in chips) 
hesc a.: posts small blind $0.01
susi6666: posts big blind $0.02
KDtemoRF: sits out 
*** HOLE CARDS ***
Dealt to Dorex2007 [Ah Td]
monstrrrik: folds 
frosa9397: folds 
Dorex2007: folds 
jeff1524: folds 
Gaxes GK: folds 
realmadrid18win: folds 
hesc a.: raises $0.08 to $0.10
susi6666: folds 
Uncalled bet ($0.08) returned to hesc a.
hesc a. collected $0.04 from pot
hesc a.: doesn't show hand 
*** SUMMARY ***
Total pot $0.04 | Rake $0 
Seat 1: jeff1524 folded before Flop (didn't bet)
Seat 2: Gaxes GK folded before Flop (didn't bet)
Seat 3: realmadrid18win (button) folded before Flop (didn't bet)
Seat 4: hesc a. (small blind) collected ($0.04)
Seat 5: susi6666 (big blind) folded before Flop
Seat 7: monstrrrik folded before Flop (didn't bet)
Seat 8: frosa9397 folded before Flop (didn't bet)
Seat 9: Dorex2007 folded before Flop (didn't bet)



PokerStars Hand #232793859202:  Hold'em No Limit ($0.01/$0.02 USD) - 2022/01/03 15:40:20 PT [2022/01/03 18:40:20 ET]
Table 'Kriemhild IV' 9-max Seat #4 is the button
Seat 1: jeff1524 ($1.79 in chips) 
Seat 2: Gaxes GK ($4.47 in chips) 
Seat 3: realmadrid18win ($0.67 in chips) 
Seat 4: hesc a. ($1.26 in chips) 
Seat 5: susi6666 ($3.97 in chips) 
Seat 6: KDtemoRF ($2 in chips) 
Seat 7: monstrrrik ($2.03 in chips) 
Seat 8: frosa9397 ($1.96 in chips) 
Seat 9: Dorex2007 ($2.40 in chips) 
susi6666: posts small blind $0.01
KDtemoRF: posts big blind $0.02
*** HOLE CARDS ***
Dealt to Dorex2007 [9s 5s]
monstrrrik: folds 
frosa9397: calls $0.02
Dorex2007: folds 
jeff1524: folds 
Gaxes GK: folds 
realmadrid18win: raises $0.08 to $0.10
hesc a.: folds 
susi6666: calls $0.09
KDtemoRF: calls $0.08
frosa9397: folds 
*** FLOP *** [7h Td 8c]
susi6666: checks 
KDtemoRF: checks 
realmadrid18win: checks 
*** TURN *** [7h Td 8c] [9d]
susi6666: bets $0.15
KDtemoRF: calls $0.15
realmadrid18win: calls $0.15
*** RIVER *** [7h Td 8c 9d] [8h]
susi6666: bets $0.74
KDtemoRF: raises $0.98 to $1.72
realmadrid18win: folds 
susi6666: calls $0.98
*** SHOW DOWN ***
KDtemoRF: shows [7s 7d] (a full house, Sevens full of Eights)
susi6666: mucks hand 
KDtemoRF collected $4.06 from pot
*** SUMMARY ***
Total pot $4.21 | Rake $0.15 
Board [7h Td 8c 9d 8h]
Seat 1: jeff1524 folded before Flop (didn't bet)
Seat 2: Gaxes GK folded before Flop (didn't bet)
Seat 3: realmadrid18win folded on the River
Seat 4: hesc a. (button) folded before Flop (didn't bet)
Seat 5: susi6666 (small blind) mucked [Kh Js]
Seat 6: KDtemoRF (big blind) showed [7s 7d] and won ($4.06) with a full house, Sevens full of Eights
Seat 7: monstrrrik folded before Flop (didn't bet)
Seat 8: frosa9397 folded before Flop
Seat 9: Dorex2007 folded before Flop (didn't bet)



PokerStars Hand #232793896593:  Hold'em No Limit ($0.01/$0.02 USD) - 2022/01/03 15:41:33 PT [2022/01/03 18:41:33 ET]
Table 'Kriemhild IV' 9-max Seat #5 is the button
Seat 1: jeff1524 ($1.79 in chips) 
Seat 2: Gaxes GK ($4.47 in chips) 
Seat 3: realmadrid18win ($0.42 in chips) 
Seat 4: hesc a. ($1.26 in chips) 
Seat 5: susi6666 ($2 in chips) 
Seat 6: KDtemoRF ($4.09 in chips) 
Seat 7: monstrrrik ($2.03 in chips) 
Seat 8: frosa9397 ($1.94 in chips) 
Seat 9: Dorex2007 ($2.40 in chips) 
KDtemoRF: posts small blind $0.01
monstrrrik: posts big blind $0.02
*** HOLE CARDS ***
Dealt to Dorex2007 [Ts 5s]
frosa9397: folds 
Dorex2007: folds 
jeff1524: folds 
Gaxes GK: folds 
realmadrid18win: folds 
hesc a.: calls $0.02
susi6666: calls $0.02
KDtemoRF: raises $0.08 to $0.10
monstrrrik: folds 
hesc a.: folds 
susi6666: calls $0.08
*** FLOP *** [Ad 4h 4d]
KDtemoRF: checks 
susi6666: checks 
*** TURN *** [Ad 4h 4d] [Jh]
KDtemoRF: bets $0.12
susi6666: calls $0.12
*** RIVER *** [Ad 4h 4d Jh] [4c]
KDtemoRF: bets $0.23
susi6666: folds 
Uncalled bet ($0.23) returned to KDtemoRF
KDtemoRF collected $0.46 from pot
KDtemoRF: doesn't show hand 
*** SUMMARY ***
Total pot $0.48 | Rake $0.02 
Board [Ad 4h 4d Jh 4c]
Seat 1: jeff1524 folded before Flop (didn't bet)
Seat 2: Gaxes GK folded before Flop (didn't bet)
Seat 3: realmadrid18win folded before Flop (didn't bet)
Seat 4: hesc a. folded before Flop
Seat 5: susi6666 (button) folded on the River
Seat 6: KDtemoRF (small blind) collected ($0.46)
Seat 7: monstrrrik (big blind) folded before Flop
Seat 8: frosa9397 folded before Flop (didn't bet)
Seat 9: Dorex2007 folded before Flop (didn't bet)



PokerStars Hand #232793914786:  Hold'em No Limit ($0.01/$0.02 USD) - 2022/01/03 15:42:11 PT [2022/01/03 18:42:11 ET]
Table 'Kriemhild IV' 9-max Seat #6 is the button
Seat 1: jeff1524 ($1.79 in chips) 
Seat 2: Gaxes GK ($4.47 in chips) 
Seat 3: realmadrid18win ($0.42 in chips) 
Seat 4: hesc a. ($1.24 in chips) 
Seat 5: susi6666 ($1.78 in chips) 
Seat 6: KDtemoRF ($4.33 in chips) 
Seat 7: monstrrrik ($2.01 in chips) 
Seat 8: frosa9397 ($1.94 in chips) 
Seat 9: Dorex2007 ($2.40 in chips) 
monstrrrik: posts small blind $0.01
frosa9397: posts big blind $0.02
*** HOLE CARDS ***
Dealt to Dorex2007 [4h Td]
Dorex2007: folds 
jeff1524: folds 
Gaxes GK: folds 
realmadrid18win: folds 
hesc a.: raises $0.02 to $0.04
susi6666: folds 
KDtemoRF: calls $0.04
monstrrrik: folds 
frosa9397: folds 
*** FLOP *** [8s 4d Qs]
hesc a.: checks 
KDtemoRF: bets $0.06
hesc a.: folds 
Uncalled bet ($0.06) returned to KDtemoRF
KDtemoRF collected $0.11 from pot
KDtemoRF: doesn't show hand 
*** SUMMARY ***
Total pot $0.11 | Rake $0 
Board [8s 4d Qs]
Seat 1: jeff1524 folded before Flop (didn't bet)
Seat 2: Gaxes GK folded before Flop (didn't bet)
Seat 3: realmadrid18win folded before Flop (didn't bet)
Seat 4: hesc a. folded on the Flop
Seat 5: susi6666 folded before Flop (didn't bet)
Seat 6: KDtemoRF (button) collected ($0.11)
Seat 7: monstrrrik (small blind) folded before Flop
Seat 8: frosa9397 (big blind) folded before Flop
Seat 9: Dorex2007 folded before Flop (didn't bet)



PokerStars Hand #232793928131:  Hold'em No Limit ($0.01/$0.02 USD) - 2022/01/03 15:42:40 PT [2022/01/03 18:42:40 ET]
Table 'Kriemhild IV' 9-max Seat #7 is the button
Seat 1: jeff1524 ($1.79 in chips) 
Seat 2: Gaxes GK ($4.47 in chips) 
Seat 3: realmadrid18win ($0.42 in chips) 
Seat 4: hesc a. ($1.20 in chips) 
Seat 5: susi6666 ($1.78 in chips) 
Seat 6: KDtemoRF ($4.40 in chips) 
Seat 7: monstrrrik ($2 in chips) 
Seat 8: frosa9397 ($1.92 in chips) 
Seat 9: Dorex2007 ($2.40 in chips) 
frosa9397: posts small blind $0.01
Dorex2007: posts big blind $0.02
*** HOLE CARDS ***
Dealt to Dorex2007 [3d 2s]
jeff1524 has timed out
jeff1524: folds 
Gaxes GK: raises $0.04 to $0.06
realmadrid18win: folds 
hesc a.: calls $0.06
susi6666: folds 
KDtemoRF: folds 
monstrrrik: calls $0.06
frosa9397: folds 
Dorex2007: folds 
*** FLOP *** [4c Qd 2d]
Gaxes GK: bets $0.14
hesc a.: calls $0.14
monstrrrik: folds 
*** TURN *** [4c Qd 2d] [9s]
Gaxes GK: bets $0.32
hesc a.: calls $0.32
*** RIVER *** [4c Qd 2d 9s] [2c]
Gaxes GK: bets $0.84
hesc a.: folds 
Uncalled bet ($0.84) returned to Gaxes GK
Gaxes GK collected $1.09 from pot
Gaxes GK: doesn't show hand 
*** SUMMARY ***
Total pot $1.13 | Rake $0.04 
Board [4c Qd 2d 9s 2c]
Seat 1: jeff1524 folded before Flop (didn't bet)
Seat 2: Gaxes GK collected ($1.09)
Seat 3: realmadrid18win folded before Flop (didn't bet)
Seat 4: hesc a. folded on the River
Seat 5: susi6666 folded before Flop (didn't bet)
Seat 6: KDtemoRF folded before Flop (didn't bet)
Seat 7: monstrrrik (button) folded on the Flop
Seat 8: frosa9397 (small blind) folded before Flop
Seat 9: Dorex2007 (big blind) folded before Flop



PokerStars Hand #232793956051:  Hold'em No Limit ($0.01/$0.02 USD) - 2022/01/03 15:43:40 PT [2022/01/03 18:43:40 ET]
Table 'Kriemhild IV' 9-max Seat #8 is the button
Seat 1: jeff1524 ($1.79 in chips) 
Seat 2: Gaxes GK ($5.04 in chips) 
Seat 3: realmadrid18win ($0.42 in chips) 
Seat 4: hesc a. ($0.68 in chips) 
Seat 5: susi6666 ($1.78 in chips) 
Seat 6: KDtemoRF ($4.40 in chips) 
Seat 7: monstrrrik ($2 in chips) 
Seat 8: frosa9397 ($1.91 in chips) 
Seat 9: Dorex2007 ($2.38 in chips) 
Dorex2007: posts small blind $0.01
jeff1524: posts big blind $0.02
*** HOLE CARDS ***
Dealt to Dorex2007 [Tc Ts]
Gaxes GK: folds 
realmadrid18win: folds 
hesc a.: folds 
susi6666: folds 
KDtemoRF: folds 
monstrrrik: folds 
frosa9397: folds 
Dorex2007: raises $0.04 to $0.06
jeff1524: raises $0.04 to $0.10
Dorex2007: calls $0.04
*** FLOP *** [7d Ks Qs]
Dorex2007: checks 
jeff1524: bets $0.12
Dorex2007: folds 
Uncalled bet ($0.12) returned to jeff1524
jeff1524 collected $0.19 from pot
jeff1524: doesn't show hand 
*** SUMMARY ***
Total pot $0.20 | Rake $0.01 
Board [7d Ks Qs]
Seat 1: jeff1524 (big blind) collected ($0.19)
Seat 2: Gaxes GK folded before Flop (didn't bet)
Seat 3: realmadrid18win folded before Flop (didn't bet)
Seat 4: hesc a. folded before Flop (didn't bet)
Seat 5: susi6666 folded before Flop (didn't bet)
Seat 6: KDtemoRF folded before Flop (didn't bet)
Seat 7: monstrrrik folded before Flop (didn't bet)
Seat 8: frosa9397 (button) folded before Flop (didn't bet)
Seat 9: Dorex2007 (small blind) folded on the Flop



PokerStars Hand #232793978987:  Hold'em No Limit ($0.01/$0.02 USD) - 2022/01/03 15:44:29 PT [2022/01/03 18:44:29 ET]
Table 'Kriemhild IV' 9-max Seat #9 is the button
Seat 1: jeff1524 ($1.88 in chips) 
Seat 2: Gaxes GK ($5.04 in chips) 
Seat 3: realmadrid18win ($0.42 in chips) 
Seat 4: hesc a. ($0.68 in chips) 
Seat 5: susi6666 ($1.78 in chips) 
Seat 6: KDtemoRF ($4.40 in chips) 
Seat 7: monstrrrik ($2 in chips) 
Seat 8: frosa9397 ($1.91 in chips) 
Seat 9: Dorex2007 ($2.28 in chips) 
jeff1524: posts small blind $0.01
Gaxes GK: posts big blind $0.02
*** HOLE CARDS ***
Dealt to Dorex2007 [8d 7h]
realmadrid18win: folds 
hesc a.: folds 
susi6666: folds 
KDtemoRF: folds 
monstrrrik: folds 
frosa9397: folds 
Dorex2007: folds 
jeff1524: folds 
Uncalled bet ($0.01) returned to Gaxes GK
Gaxes GK collected $0.02 from pot
Gaxes GK: doesn't show hand 
*** SUMMARY ***
Total pot $0.02 | Rake $0 
Seat 1: jeff1524 (small blind) folded before Flop
Seat 2: Gaxes GK (big blind) collected ($0.02)
Seat 3: realmadrid18win folded before Flop (didn't bet)
Seat 4: hesc a. folded before Flop (didn't bet)
Seat 5: susi6666 folded before Flop (didn't bet)
Seat 6: KDtemoRF folded before Flop (didn't bet)
Seat 7: monstrrrik folded before Flop (didn't bet)
Seat 8: frosa9397 folded before Flop (didn't bet)
Seat 9: Dorex2007 (button) folded before Flop (didn't bet)



PokerStars Hand #232793992570:  Hold'em No Limit ($0.01/$0.02 USD) - 2022/01/03 15:44:58 PT [2022/01/03 18:44:58 ET]
Table 'Kriemhild IV' 9-max Seat #1 is the button
Seat 1: jeff1524 ($1.87 in chips) 
Seat 2: Gaxes GK ($5.05 in chips) 
Seat 3: realmadrid18win ($0.42 in chips) 
Seat 4: hesc a. ($0.68 in chips) 
Seat 5: susi6666 ($1.78 in chips) 
Seat 6: KDtemoRF ($4.40 in chips) 
Seat 7: monstrrrik ($2 in chips) 
Seat 8: frosa9397 ($1.91 in chips) 
Seat 9: Dorex2007 ($2.28 in chips) 
Gaxes GK: posts small blind $0.01
realmadrid18win: posts big blind $0.02
*** HOLE CARDS ***
Dealt to Dorex2007 [6h Ad]
hesc a.: folds 
susi6666: folds 
KDtemoRF: folds 
monstrrrik: calls $0.02
frosa9397: calls $0.02
Dorex2007: folds 
jeff1524: folds 
Gaxes GK: calls $0.01
realmadrid18win: checks 
*** FLOP *** [Ac 6c 4c]
Gaxes GK: checks 
realmadrid18win: checks 
monstrrrik: checks 
frosa9397: checks 
*** TURN *** [Ac 6c 4c] [Qs]
Gaxes GK: bets $0.02
realmadrid18win: folds 
monstrrrik: folds 
frosa9397: folds 
Uncalled bet ($0.02) returned to Gaxes GK
Gaxes GK collected $0.08 from pot
Gaxes GK: doesn't show hand 
*** SUMMARY ***
Total pot $0.08 | Rake $0 
Board [Ac 6c 4c Qs]
Seat 1: jeff1524 (button) folded before Flop (didn't bet)
Seat 2: Gaxes GK (small blind) collected ($0.08)
Seat 3: realmadrid18win (big blind) folded on the Turn
Seat 4: hesc a. folded before Flop (didn't bet)
Seat 5: susi6666 folded before Flop (didn't bet)
Seat 6: KDtemoRF folded before Flop (didn't bet)
Seat 7: monstrrrik folded on the Turn
Seat 8: frosa9397 folded on the Turn
Seat 9: Dorex2007 folded before Flop (didn't bet)



PokerStars Hand #232794024802:  Hold'em No Limit ($0.01/$0.02 USD) - 2022/01/03 15:46:08 PT [2022/01/03 18:46:08 ET]
Table 'Kriemhild IV' 9-max Seat #2 is the button
Seat 1: jeff1524 ($1.87 in chips) 
Seat 2: Gaxes GK ($5.11 in chips) 
Seat 3: realmadrid18win ($0.40 in chips) 
Seat 4: hesc a. ($0.68 in chips) 
Seat 5: susi6666 ($1.78 in chips) 
Seat 6: KDtemoRF ($4.40 in chips) 
Seat 7: monstrrrik ($2 in chips) 
Seat 8: frosa9397 ($1.89 in chips) 
Seat 9: Dorex2007 ($2.28 in chips) 
realmadrid18win: posts small blind $0.01
hesc a.: posts big blind $0.02
*** HOLE CARDS ***
Dealt to Dorex2007 [3s Ah]
susi6666: folds 
KDtemoRF: folds 
monstrrrik: folds 
frosa9397: folds 
Dorex2007: folds 
jeff1524: raises $0.02 to $0.04
Gaxes GK: folds 
realmadrid18win: folds 
hesc a.: raises $0.02 to $0.06
jeff1524: calls $0.02
*** FLOP *** [6d 3d Ac]
hesc a.: bets $0.13
jeff1524: calls $0.13
*** TURN *** [6d 3d Ac] [Js]
hesc a.: bets $0.49 and is all-in
jeff1524: folds 
Uncalled bet ($0.49) returned to hesc a.
hesc a. collected $0.38 from pot
hesc a.: doesn't show hand 
*** SUMMARY ***
Total pot $0.39 | Rake $0.01 
Board [6d 3d Ac Js]
Seat 1: jeff1524 folded on the Turn
Seat 2: Gaxes GK (button) folded before Flop (didn't bet)
Seat 3: realmadrid18win (small blind) folded before Flop
Seat 4: hesc a. (big blind) collected ($0.38)
Seat 5: susi6666 folded before Flop (didn't bet)
Seat 6: KDtemoRF folded before Flop (didn't bet)
Seat 7: monstrrrik folded before Flop (didn't bet)
Seat 8: frosa9397 folded before Flop (didn't bet)
Seat 9: Dorex2007 folded before Flop (didn't bet)



PokerStars Hand #232794051732:  Hold'em No Limit ($0.01/$0.02 USD) - 2022/01/03 15:47:06 PT [2022/01/03 18:47:06 ET]
Table 'Kriemhild IV' 9-max Seat #3 is the button
Seat 1: jeff1524 ($1.68 in chips) 
Seat 2: Gaxes GK ($5.11 in chips) 
Seat 3: realmadrid18win ($0.39 in chips) 
Seat 4: hesc a. ($0.87 in chips) 
Seat 5: susi6666 ($1.78 in chips) 
Seat 6: KDtemoRF ($4.40 in chips) 
Seat 7: monstrrrik ($2 in chips) 
Seat 8: frosa9397 ($1.89 in chips) 
Seat 9: Dorex2007 ($2.28 in chips) 
hesc a.: posts small blind $0.01
susi6666: posts big blind $0.02
*** HOLE CARDS ***
Dealt to Dorex2007 [6s 4s]
KDtemoRF: raises $0.04 to $0.06
monstrrrik: folds 
frosa9397: calls $0.06
Dorex2007: folds 
jeff1524: folds 
Gaxes GK: folds 
realmadrid18win: folds 
hesc a.: folds 
susi6666: calls $0.04
*** FLOP *** [3h Jh 8d]
susi6666: checks 
KDtemoRF: checks 
frosa9397: bets $0.11
susi6666: calls $0.11
KDtemoRF: folds 
*** TURN *** [3h Jh 8d] [8h]
susi6666: checks 
frosa9397: bets $0.18
susi6666: raises $0.18 to $0.36
frosa9397: raises $0.18 to $0.54
susi6666: raises $1.07 to $1.61 and is all-in
frosa9397: calls $1.07
*** RIVER *** [3h Jh 8d 8h] [Ac]
*** SHOW DOWN ***
susi6666: shows [8s 8c] (four of a kind, Eights)
frosa9397: shows [Jc Jd] (a full house, Jacks full of Eights)
susi6666 collected $3.50 from pot
*** SUMMARY ***
Total pot $3.63 | Rake $0.13 
Board [3h Jh 8d 8h Ac]
Seat 1: jeff1524 folded before Flop (didn't bet)
Seat 2: Gaxes GK folded before Flop (didn't bet)
Seat 3: realmadrid18win (button) folded before Flop (didn't bet)
Seat 4: hesc a. (small blind) folded before Flop
Seat 5: susi6666 (big blind) showed [8s 8c] and won ($3.50) with four of a kind, Eights
Seat 6: KDtemoRF folded on the Flop
Seat 7: monstrrrik folded before Flop (didn't bet)
Seat 8: frosa9397 showed [Jc Jd] and lost with a full house, Jacks full of Eights
Seat 9: Dorex2007 folded before Flop (didn't bet)



PokerStars Hand #232794102771:  Hold'em No Limit ($0.01/$0.02 USD) - 2022/01/03 15:48:36 PT [2022/01/03 18:48:36 ET]
Table 'Kriemhild IV' 9-max Seat #4 is the button
Seat 1: jeff1524 ($1.68 in chips) 
Seat 2: Gaxes GK ($5.11 in chips) 
Seat 3: realmadrid18win ($0.39 in chips) 
Seat 4: hesc a. ($0.86 in chips) 
Seat 5: susi6666 ($3.50 in chips) 
Seat 6: KDtemoRF ($4.34 in chips) 
Seat 7: monstrrrik ($2 in chips) 
Seat 8: frosa9397 ($0.11 in chips) 
Seat 9: Dorex2007 ($2.28 in chips) 
susi6666: posts small blind $0.01
KDtemoRF: posts big blind $0.02
*** HOLE CARDS ***
Dealt to Dorex2007 [Jh Ad]
monstrrrik: folds 
frosa9397: raises $0.09 to $0.11 and is all-in
Dorex2007: folds 
jeff1524: folds 
Gaxes GK: folds 
realmadrid18win: folds 
hesc a.: folds 
susi6666: folds 
KDtemoRF: folds 
Uncalled bet ($0.09) returned to frosa9397
frosa9397 collected $0.05 from pot
frosa9397: doesn't show hand 
*** SUMMARY ***
Total pot $0.05 | Rake $0 
Seat 1: jeff1524 folded before Flop (didn't bet)
Seat 2: Gaxes GK folded before Flop (didn't bet)
Seat 3: realmadrid18win folded before Flop (didn't bet)
Seat 4: hesc a. (button) folded before Flop (didn't bet)
Seat 5: susi6666 (small blind) folded before Flop
Seat 6: KDtemoRF (big blind) folded before Flop
Seat 7: monstrrrik folded before Flop (didn't bet)
Seat 8: frosa9397 collected ($0.05)
Seat 9: Dorex2007 folded before Flop (didn't bet)



PokerStars Hand #232794112156:  Hold'em No Limit ($0.01/$0.02 USD) - 2022/01/03 15:48:56 PT [2022/01/03 18:48:56 ET]
Table 'Kriemhild IV' 9-max Seat #5 is the button
Seat 1: jeff1524 ($1.68 in chips) 
Seat 2: Gaxes GK ($5.11 in chips) 
Seat 3: realmadrid18win ($0.39 in chips) 
Seat 4: hesc a. ($0.86 in chips) 
Seat 5: susi6666 ($3.49 in chips) 
Seat 6: KDtemoRF ($4.32 in chips) 
Seat 7: monstrrrik ($2 in chips) 
Seat 8: frosa9397 ($0.14 in chips) 
Seat 9: Dorex2007 ($2.28 in chips) 
KDtemoRF: posts small blind $0.01
monstrrrik: posts big blind $0.02
*** HOLE CARDS ***
Dealt to Dorex2007 [Td 9d]
frosa9397: folds 
Dorex2007: folds 
jeff1524: raises $0.04 to $0.06
Gaxes GK: folds 
realmadrid18win: folds 
hesc a.: folds 
susi6666: folds 
KDtemoRF: folds 
monstrrrik: folds 
Uncalled bet ($0.04) returned to jeff1524
jeff1524 collected $0.05 from pot
jeff1524: doesn't show hand 
*** SUMMARY ***
Total pot $0.05 | Rake $0 
Seat 1: jeff1524 collected ($0.05)
Seat 2: Gaxes GK folded before Flop (didn't bet)
Seat 3: realmadrid18win folded before Flop (didn't bet)
Seat 4: hesc a. folded before Flop (didn't bet)
Seat 5: susi6666 (button) folded before Flop (didn't bet)
Seat 6: KDtemoRF (small blind) folded before Flop
Seat 7: monstrrrik (big blind) folded before Flop
Seat 8: frosa9397 folded before Flop (didn't bet)
Seat 9: Dorex2007 folded before Flop (didn't bet)



PokerStars Hand #232794123999:  Hold'em No Limit ($0.01/$0.02 USD) - 2022/01/03 15:49:22 PT [2022/01/03 18:49:22 ET]
Table 'Kriemhild IV' 9-max Seat #6 is the button
Seat 1: jeff1524 ($1.71 in chips) 
Seat 2: Gaxes GK ($5.11 in chips) 
Seat 3: realmadrid18win ($0.39 in chips) 
Seat 4: hesc a. ($0.86 in chips) 
Seat 5: susi6666 ($3.49 in chips) 
Seat 6: KDtemoRF ($4.31 in chips) 
Seat 7: monstrrrik ($2 in chips) 
Seat 8: frosa9397 ($2 in chips) 
Seat 9: Dorex2007 ($2.28 in chips) 
monstrrrik: posts small blind $0.01
frosa9397: posts big blind $0.02
*** HOLE CARDS ***
Dealt to Dorex2007 [Ah 2h]
Dorex2007: folds 
jeff1524: raises $0.02 to $0.04
Gaxes GK: folds 
realmadrid18win: folds 
hesc a.: folds 
susi6666: calls $0.04
KDtemoRF: folds 
monstrrrik: folds 
frosa9397: folds 
*** FLOP *** [Ts Jd 9s]
jeff1524: bets $0.06
susi6666: calls $0.06
*** TURN *** [Ts Jd 9s] [7s]
jeff1524: checks 
susi6666: bets $0.11
jeff1524: calls $0.11
*** RIVER *** [Ts Jd 9s 7s] [7h]
jeff1524: checks 
susi6666: bets $0.21
jeff1524: folds 
Uncalled bet ($0.21) returned to susi6666
susi6666 collected $0.43 from pot
susi6666: doesn't show hand 
*** SUMMARY ***
Total pot $0.45 | Rake $0.02 
Board [Ts Jd 9s 7s 7h]
Seat 1: jeff1524 folded on the River
Seat 2: Gaxes GK folded before Flop (didn't bet)
Seat 3: realmadrid18win folded before Flop (didn't bet)
Seat 4: hesc a. folded before Flop (didn't bet)
Seat 5: susi6666 collected ($0.43)
Seat 6: KDtemoRF (button) folded before Flop (didn't bet)
Seat 7: monstrrrik (small blind) folded before Flop
Seat 8: frosa9397 (big blind) folded before Flop
Seat 9: Dorex2007 folded before Flop (didn't bet)



PokerStars Hand #232794165397:  Hold'em No Limit ($0.01/$0.02 USD) - 2022/01/03 15:50:53 PT [2022/01/03 18:50:53 ET]
Table 'Kriemhild IV' 9-max Seat #7 is the button
Seat 1: jeff1524 ($1.50 in chips) 
Seat 2: Gaxes GK ($5.11 in chips) 
Seat 3: realmadrid18win ($0.39 in chips) 
Seat 4: hesc a. ($0.86 in chips) 
Seat 5: susi6666 ($3.71 in chips) 
Seat 6: KDtemoRF ($4.31 in chips) 
Seat 7: monstrrrik ($2 in chips) 
Seat 8: frosa9397 ($1.98 in chips) 
Seat 9: Dorex2007 ($2.28 in chips) 
frosa9397: posts small blind $0.01
Dorex2007: posts big blind $0.02
*** HOLE CARDS ***
Dealt to Dorex2007 [4c 4h]
jeff1524 has timed out
jeff1524: folds 
Gaxes GK: folds 
realmadrid18win: folds 
hesc a.: folds 
susi6666: calls $0.02
KDtemoRF: raises $0.06 to $0.08
monstrrrik: folds 
frosa9397: folds 
Dorex2007: folds 
susi6666: calls $0.06
*** FLOP *** [5c 8c 7c]
susi6666: checks 
KDtemoRF: checks 
*** TURN *** [5c 8c 7c] [Qs]
susi6666: checks 
KDtemoRF: bets $0.09
susi6666: folds 
Uncalled bet ($0.09) returned to KDtemoRF
KDtemoRF collected $0.18 from pot
KDtemoRF: doesn't show hand 
*** SUMMARY ***
Total pot $0.19 | Rake $0.01 
Board [5c 8c 7c Qs]
Seat 1: jeff1524 folded before Flop (didn't bet)
Seat 2: Gaxes GK folded before Flop (didn't bet)
Seat 3: realmadrid18win folded before Flop (didn't bet)
Seat 4: hesc a. folded before Flop (didn't bet)
Seat 5: susi6666 folded on the Turn
Seat 6: KDtemoRF collected ($0.18)
Seat 7: monstrrrik (button) folded before Flop (didn't bet)
Seat 8: frosa9397 (small blind) folded before Flop
Seat 9: Dorex2007 (big blind) folded before Flop



PokerStars Hand #232794187458:  Hold'em No Limit ($0.01/$0.02 USD) - 2022/01/03 15:51:42 PT [2022/01/03 18:51:42 ET]
Table 'Kriemhild IV' 9-max Seat #8 is the button
Seat 1: jeff1524 ($1.50 in chips) 
Seat 2: Gaxes GK ($5.11 in chips) 
Seat 3: realmadrid18win ($0.39 in chips) 
Seat 4: hesc a. ($0.86 in chips) 
Seat 5: susi6666 ($3.63 in chips) 
Seat 6: KDtemoRF ($4.41 in chips) 
Seat 7: monstrrrik ($2 in chips) 
Seat 8: frosa9397 ($1.97 in chips) 
Seat 9: Dorex2007 ($2.26 in chips) 
Dorex2007: posts small blind $0.01
jeff1524: posts big blind $0.02
*** HOLE CARDS ***
Dealt to Dorex2007 [Th 8s]
Gaxes GK: raises $0.04 to $0.06
realmadrid18win: folds 
hesc a.: folds 
susi6666: folds 
KDtemoRF: folds 
monstrrrik: folds 
frosa9397: folds 
Dorex2007: folds 
jeff1524: calls $0.04
*** FLOP *** [3d 2d 7d]
jeff1524: checks 
Gaxes GK: bets $0.06
jeff1524: calls $0.06
*** TURN *** [3d 2d 7d] [Qc]
jeff1524: checks 
Gaxes GK: bets $0.16
jeff1524: folds 
Uncalled bet ($0.16) returned to Gaxes GK
Gaxes GK collected $0.24 from pot
Gaxes GK: doesn't show hand 
*** SUMMARY ***
Total pot $0.25 | Rake $0.01 
Board [3d 2d 7d Qc]
Seat 1: jeff1524 (big blind) folded on the Turn
Seat 2: Gaxes GK collected ($0.24)
Seat 3: realmadrid18win folded before Flop (didn't bet)
Seat 4: hesc a. folded before Flop (didn't bet)
Seat 5: susi6666 folded before Flop (didn't bet)
Seat 6: KDtemoRF folded before Flop (didn't bet)
Seat 7: monstrrrik folded before Flop (didn't bet)
Seat 8: frosa9397 (button) folded before Flop (didn't bet)
Seat 9: Dorex2007 (small blind) folded before Flop



PokerStars Hand #232794207816:  Hold'em No Limit ($0.01/$0.02 USD) - 2022/01/03 15:52:27 PT [2022/01/03 18:52:27 ET]
Table 'Kriemhild IV' 9-max Seat #9 is the button
Seat 1: jeff1524 ($1.38 in chips) 
Seat 2: Gaxes GK ($5.23 in chips) 
Seat 3: realmadrid18win ($0.39 in chips) 
Seat 4: hesc a. ($0.86 in chips) 
Seat 5: susi6666 ($3.63 in chips) 
Seat 6: KDtemoRF ($4.41 in chips) 
Seat 7: monstrrrik ($2 in chips) 
Seat 8: frosa9397 ($1.97 in chips) 
Seat 9: Dorex2007 ($2.25 in chips) 
jeff1524: posts small blind $0.01
Gaxes GK: posts big blind $0.02
*** HOLE CARDS ***
Dealt to Dorex2007 [9h 3s]
realmadrid18win: folds 
hesc a.: raises $0.02 to $0.04
susi6666: calls $0.04
KDtemoRF: calls $0.04
monstrrrik: calls $0.04
frosa9397: folds 
Dorex2007: folds 
jeff1524: folds 
Gaxes GK: calls $0.02
*** FLOP *** [7d Kd Ah]
Gaxes GK: checks 
hesc a.: bets $0.06
susi6666: folds 
KDtemoRF: folds 
monstrrrik: folds 
Gaxes GK: calls $0.06
*** TURN *** [7d Kd Ah] [Td]
Gaxes GK: bets $0.08
hesc a.: calls $0.08
*** RIVER *** [7d Kd Ah Td] [8d]
Gaxes GK: bets $0.10
hesc a.: raises $0.24 to $0.34
Gaxes GK: folds 
Uncalled bet ($0.24) returned to hesc a.
hesc a. collected $0.67 from pot
hesc a.: doesn't show hand 
*** SUMMARY ***
Total pot $0.69 | Rake $0.02 
Board [7d Kd Ah Td 8d]
Seat 1: jeff1524 (small blind) folded before Flop
Seat 2: Gaxes GK (big blind) folded on the River
Seat 3: realmadrid18win folded before Flop (didn't bet)
Seat 4: hesc a. collected ($0.67)
Seat 5: susi6666 folded on the Flop
Seat 6: KDtemoRF folded on the Flop
Seat 7: monstrrrik folded on the Flop
Seat 8: frosa9397 folded before Flop (didn't bet)
Seat 9: Dorex2007 (button) folded before Flop (didn't bet)



PokerStars Hand #232794260522:  Hold'em No Limit ($0.01/$0.02 USD) - 2022/01/03 15:54:24 PT [2022/01/03 18:54:24 ET]
Table 'Kriemhild IV' 9-max Seat #1 is the button
Seat 1: jeff1524 ($1.37 in chips) 
Seat 2: Gaxes GK ($4.95 in chips) 
Seat 3: realmadrid18win ($0.39 in chips) 
Seat 4: hesc a. ($1.25 in chips) 
Seat 5: susi6666 ($3.59 in chips) 
Seat 6: KDtemoRF ($4.37 in chips) 
Seat 7: monstrrrik ($2 in chips) 
Seat 8: frosa9397 ($1.97 in chips) 
Seat 9: Dorex2007 ($2.25 in chips) 
Gaxes GK: posts small blind $0.01
realmadrid18win: posts big blind $0.02
*** HOLE CARDS ***
Dealt to Dorex2007 [8c Ts]
hesc a.: folds 
susi6666: folds 
KDtemoRF: raises $0.04 to $0.06
monstrrrik: folds 
frosa9397: folds 
Dorex2007: folds 
jeff1524: folds 
Gaxes GK: folds 
realmadrid18win: folds 
Uncalled bet ($0.04) returned to KDtemoRF
KDtemoRF collected $0.05 from pot
KDtemoRF: doesn't show hand 
*** SUMMARY ***
Total pot $0.05 | Rake $0 
Seat 1: jeff1524 (button) folded before Flop (didn't bet)
Seat 2: Gaxes GK (small blind) folded before Flop
Seat 3: realmadrid18win (big blind) folded before Flop
Seat 4: hesc a. folded before Flop (didn't bet)
Seat 5: susi6666 folded before Flop (didn't bet)
Seat 6: KDtemoRF collected ($0.05)
Seat 7: monstrrrik folded before Flop (didn't bet)
Seat 8: frosa9397 folded before Flop (didn't bet)
Seat 9: Dorex2007 folded before Flop (didn't bet)



PokerStars Hand #232794271215:  Hold'em No Limit ($0.01/$0.02 USD) - 2022/01/03 15:54:48 PT [2022/01/03 18:54:48 ET]
Table 'Kriemhild IV' 9-max Seat #2 is the button
Seat 1: jeff1524 ($1.37 in chips) 
Seat 2: Gaxes GK ($4.94 in chips) 
Seat 3: realmadrid18win ($0.37 in chips) 
Seat 4: hesc a. ($1.25 in chips) 
Seat 5: susi6666 ($3.59 in chips) 
Seat 6: KDtemoRF ($4.40 in chips) 
Seat 7: monstrrrik ($2 in chips) 
Seat 8: frosa9397 ($1.97 in chips) 
Seat 9: Dorex2007 ($2.25 in chips) 
realmadrid18win: posts small blind $0.01
hesc a.: posts big blind $0.02
*** HOLE CARDS ***
Dealt to Dorex2007 [9c 7h]
susi6666: folds 
KDtemoRF: folds 
monstrrrik: folds 
frosa9397: folds 
Dorex2007: folds 
jeff1524: raises $0.02 to $0.04
Gaxes GK: folds 
realmadrid18win: folds 
hesc a.: folds 
Uncalled bet ($0.02) returned to jeff1524
jeff1524 collected $0.05 from pot
jeff1524: doesn't show hand 
*** SUMMARY ***
Total pot $0.05 | Rake $0 
Seat 1: jeff1524 collected ($0.05)
Seat 2: Gaxes GK (button) folded before Flop (didn't bet)
Seat 3: realmadrid18win (small blind) folded before Flop
Seat 4: hesc a. (big blind) folded before Flop
Seat 5: susi6666 folded before Flop (didn't bet)
Seat 6: KDtemoRF folded before Flop (didn't bet)
Seat 7: monstrrrik folded before Flop (didn't bet)
Seat 8: frosa9397 folded before Flop (didn't bet)
Seat 9: Dorex2007 folded before Flop (didn't bet)



PokerStars Hand #232794280940:  Hold'em No Limit ($0.01/$0.02 USD) - 2022/01/03 15:55:13 PT [2022/01/03 18:55:13 ET]
Table 'Kriemhild IV' 9-max Seat #3 is the button
Seat 1: jeff1524 ($1.40 in chips) 
Seat 2: Gaxes GK ($4.94 in chips) 
Seat 3: realmadrid18win ($0.36 in chips) 
Seat 4: hesc a. ($1.23 in chips) 
Seat 5: susi6666 ($3.59 in chips) 
Seat 6: KDtemoRF ($4.40 in chips) 
Seat 7: monstrrrik ($2 in chips) 
Seat 8: frosa9397 ($1.97 in chips) 
Seat 9: Dorex2007 ($2.25 in chips) 
hesc a.: posts small blind $0.01
susi6666: posts big blind $0.02
*** HOLE CARDS ***
Dealt to Dorex2007 [Td Jc]
KDtemoRF: raises $0.04 to $0.06
monstrrrik: folds 
frosa9397: folds 
Dorex2007: folds 
jeff1524: folds 
Gaxes GK: folds 
realmadrid18win: folds 
hesc a.: calls $0.05
susi6666: folds 
*** FLOP *** [Jh Qs 4d]
hesc a.: checks 
KDtemoRF: bets $0.07
hesc a.: folds 
Uncalled bet ($0.07) returned to KDtemoRF
KDtemoRF collected $0.14 from pot
KDtemoRF: doesn't show hand 
*** SUMMARY ***
Total pot $0.14 | Rake $0 
Board [Jh Qs 4d]
Seat 1: jeff1524 folded before Flop (didn't bet)
Seat 2: Gaxes GK folded before Flop (didn't bet)
Seat 3: realmadrid18win (button) folded before Flop (didn't bet)
Seat 4: hesc a. (small blind) folded on the Flop
Seat 5: susi6666 (big blind) folded before Flop
Seat 6: KDtemoRF collected ($0.14)
Seat 7: monstrrrik folded before Flop (didn't bet)
Seat 8: frosa9397 folded before Flop (didn't bet)
Seat 9: Dorex2007 folded before Flop (didn't bet)



PokerStars Hand #232794292476:  Hold'em No Limit ($0.01/$0.02 USD) - 2022/01/03 15:55:46 PT [2022/01/03 18:55:46 ET]
Table 'Kriemhild IV' 9-max Seat #4 is the button
Seat 1: jeff1524 ($1.40 in chips) 
Seat 2: Gaxes GK ($4.94 in chips) 
Seat 3: realmadrid18win ($0.36 in chips) 
Seat 4: hesc a. ($1.17 in chips) 
Seat 5: susi6666 ($3.57 in chips) 
Seat 6: KDtemoRF ($4.48 in chips) 
Seat 7: monstrrrik ($2 in chips) 
Seat 8: frosa9397 ($1.97 in chips) 
Seat 9: Dorex2007 ($2.25 in chips) 
susi6666: posts small blind $0.01
KDtemoRF: posts big blind $0.02
*** HOLE CARDS ***
Dealt to Dorex2007 [6s 4c]
monstrrrik: folds 
frosa9397: folds 
Dorex2007: folds 
jeff1524: raises $0.02 to $0.04
Gaxes GK: folds 
realmadrid18win: folds 
hesc a.: folds 
susi6666: calls $0.03
KDtemoRF: calls $0.02
*** FLOP *** [Ah 9s Kc]
susi6666: checks 
KDtemoRF: checks 
jeff1524: bets $0.04
susi6666: folds 
KDtemoRF: calls $0.04
*** TURN *** [Ah 9s Kc] [7s]
KDtemoRF: checks 
jeff1524: checks 
*** RIVER *** [Ah 9s Kc 7s] [6d]
KDtemoRF: bets $0.10
jeff1524: folds 
Uncalled bet ($0.10) returned to KDtemoRF
KDtemoRF collected $0.19 from pot
KDtemoRF: doesn't show hand 
*** SUMMARY ***
Total pot $0.20 | Rake $0.01 
Board [Ah 9s Kc 7s 6d]
Seat 1: jeff1524 folded on the River
Seat 2: Gaxes GK folded before Flop (didn't bet)
Seat 3: realmadrid18win folded before Flop (didn't bet)
Seat 4: hesc a. (button) folded before Flop (didn't bet)
Seat 5: susi6666 (small blind) folded on the Flop
Seat 6: KDtemoRF (big blind) collected ($0.19)
Seat 7: monstrrrik folded before Flop (didn't bet)
Seat 8: frosa9397 folded before Flop (didn't bet)
Seat 9: Dorex2007 folded before Flop (didn't bet)



PokerStars Hand #232794315572:  Hold'em No Limit ($0.01/$0.02 USD) - 2022/01/03 15:56:53 PT [2022/01/03 18:56:53 ET]
Table 'Kriemhild IV' 9-max Seat #5 is the button
Seat 1: jeff1524 ($1.32 in chips) 
Seat 2: Gaxes GK ($4.94 in chips) 
Seat 3: realmadrid18win ($0.36 in chips) 
Seat 5: susi6666 ($3.53 in chips) 
Seat 6: KDtemoRF ($4.59 in chips) 
Seat 7: monstrrrik ($2 in chips) 
Seat 8: frosa9397 ($1.97 in chips) 
Seat 9: Dorex2007 ($2.25 in chips) 
KDtemoRF: posts small blind $0.01
monstrrrik: posts big blind $0.02
*** HOLE CARDS ***
Dealt to Dorex2007 [4d Jh]
frosa9397: folds 
Dorex2007: folds 
jeff1524: raises $0.02 to $0.04
Gaxes GK: folds 
realmadrid18win: folds 
susi6666: calls $0.04
KDtemoRF: raises $0.18 to $0.22
monstrrrik: folds 
jeff1524: folds 
susi6666: folds 
Uncalled bet ($0.18) returned to KDtemoRF
KDtemoRF collected $0.14 from pot
KDtemoRF: doesn't show hand 
*** SUMMARY ***
Total pot $0.14 | Rake $0 
Seat 1: jeff1524 folded before Flop
Seat 2: Gaxes GK folded before Flop (didn't bet)
Seat 3: realmadrid18win folded before Flop (didn't bet)
Seat 5: susi6666 (button) folded before Flop
Seat 6: KDtemoRF (small blind) collected ($0.14)
Seat 7: monstrrrik (big blind) folded before Flop
Seat 8: frosa9397 folded before Flop (didn't bet)
Seat 9: Dorex2007 folded before Flop (didn't bet)



PokerStars Hand #232794327527:  Hold'em No Limit ($0.01/$0.02 USD) - 2022/01/03 15:57:28 PT [2022/01/03 18:57:28 ET]
Table 'Kriemhild IV' 9-max Seat #6 is the button
Seat 1: jeff1524 ($1.28 in chips) 
Seat 2: Gaxes GK ($4.94 in chips) 
Seat 3: realmadrid18win ($0.36 in chips) 
Seat 5: susi6666 ($3.49 in chips) 
Seat 6: KDtemoRF ($4.69 in chips) 
Seat 7: monstrrrik ($2 in chips) 
Seat 8: frosa9397 ($1.97 in chips) 
Seat 9: Dorex2007 ($2.25 in chips) 
monstrrrik: posts small blind $0.01
frosa9397: posts big blind $0.02
*** HOLE CARDS ***
Dealt to Dorex2007 [6c Th]
Dorex2007: folds 
jeff1524: folds 
Gaxes GK: folds 
realmadrid18win: folds 
susi6666: calls $0.02
KDtemoRF: folds 
monstrrrik: raises $0.06 to $0.08
frosa9397: folds 
susi6666: calls $0.06
*** FLOP *** [4c Kh 5c]
monstrrrik: bets $0.11
susi6666: folds 
Uncalled bet ($0.11) returned to monstrrrik
monstrrrik collected $0.17 from pot
monstrrrik: doesn't show hand 
*** SUMMARY ***
Total pot $0.18 | Rake $0.01 
Board [4c Kh 5c]
Seat 1: jeff1524 folded before Flop (didn't bet)
Seat 2: Gaxes GK folded before Flop (didn't bet)
Seat 3: realmadrid18win folded before Flop (didn't bet)
Seat 5: susi6666 folded on the Flop
Seat 6: KDtemoRF (button) folded before Flop (didn't bet)
Seat 7: monstrrrik (small blind) collected ($0.17)
Seat 8: frosa9397 (big blind) folded before Flop
Seat 9: Dorex2007 folded before Flop (didn't bet)



PokerStars Hand #232794340069:  Hold'em No Limit ($0.01/$0.02 USD) - 2022/01/03 15:58:05 PT [2022/01/03 18:58:05 ET]
Table 'Kriemhild IV' 9-max Seat #7 is the button
Seat 1: jeff1524 ($1.28 in chips) 
Seat 2: Gaxes GK ($4.94 in chips) 
Seat 3: realmadrid18win ($0.36 in chips) 
Seat 5: susi6666 ($3.41 in chips) 
Seat 6: KDtemoRF ($4.69 in chips) 
Seat 7: monstrrrik ($2.09 in chips) 
Seat 8: frosa9397 ($1.95 in chips) 
Seat 9: Dorex2007 ($2.25 in chips) 
frosa9397: posts small blind $0.01
Dorex2007: posts big blind $0.02
*** HOLE CARDS ***
Dealt to Dorex2007 [4h 6c]
jeff1524: folds 
Gaxes GK: folds 
realmadrid18win: raises $0.08 to $0.10
susi6666: calls $0.10
KDtemoRF: folds 
monstrrrik: folds 
frosa9397: folds 
Dorex2007: folds 
*** FLOP *** [3c 2c 3d]
realmadrid18win: bets $0.26 and is all-in
susi6666: folds 
Uncalled bet ($0.26) returned to realmadrid18win
realmadrid18win collected $0.22 from pot
*** SUMMARY ***
Total pot $0.23 | Rake $0.01 
Board [3c 2c 3d]
Seat 1: jeff1524 folded before Flop (didn't bet)
Seat 2: Gaxes GK folded before Flop (didn't bet)
Seat 3: realmadrid18win collected ($0.22)
Seat 5: susi6666 folded on the Flop
Seat 6: KDtemoRF folded before Flop (didn't bet)
Seat 7: monstrrrik (button) folded before Flop (didn't bet)
Seat 8: frosa9397 (small blind) folded before Flop
Seat 9: Dorex2007 (big blind) folded before Flop



PokerStars Hand #232794351665:  Hold'em No Limit ($0.01/$0.02 USD) - 2022/01/03 15:58:39 PT [2022/01/03 18:58:39 ET]
Table 'Kriemhild IV' 9-max Seat #8 is the button
Seat 1: jeff1524 ($1.28 in chips) 
Seat 2: Gaxes GK ($4.94 in chips) 
Seat 3: realmadrid18win ($0.48 in chips) 
Seat 5: susi6666 ($3.31 in chips) 
Seat 6: KDtemoRF ($4.69 in chips) 
Seat 7: monstrrrik ($2.09 in chips) 
Seat 8: frosa9397 ($1.94 in chips) 
Seat 9: Dorex2007 ($2.23 in chips) 
Dorex2007: posts small blind $0.01
jeff1524: posts big blind $0.02
*** HOLE CARDS ***
Dealt to Dorex2007 [3s 9s]
Gaxes GK: folds 
realmadrid18win: folds 
susi6666: folds 
KDtemoRF: folds 
monstrrrik: folds 
frosa9397: calls $0.02
Dorex2007: folds 
jeff1524: checks 
*** FLOP *** [2d Qd 7d]
jeff1524: bets $0.03
frosa9397: calls $0.03
*** TURN *** [2d Qd 7d] [7h]
jeff1524: checks 
frosa9397: checks 
*** RIVER *** [2d Qd 7d 7h] [8s]
jeff1524: bets $0.06
frosa9397: folds 
Uncalled bet ($0.06) returned to jeff1524
jeff1524 collected $0.11 from pot
jeff1524: doesn't show hand 
*** SUMMARY ***
Total pot $0.11 | Rake $0 
Board [2d Qd 7d 7h 8s]
Seat 1: jeff1524 (big blind) collected ($0.11)
Seat 2: Gaxes GK folded before Flop (didn't bet)
Seat 3: realmadrid18win folded before Flop (didn't bet)
Seat 5: susi6666 folded before Flop (didn't bet)
Seat 6: KDtemoRF folded before Flop (didn't bet)
Seat 7: monstrrrik folded before Flop (didn't bet)
Seat 8: frosa9397 (button) folded on the River
Seat 9: Dorex2007 (small blind) folded before Flop



PokerStars Hand #232794370932:  Hold'em No Limit ($0.01/$0.02 USD) - 2022/01/03 15:59:36 PT [2022/01/03 18:59:36 ET]
Table 'Kriemhild IV' 9-max Seat #9 is the button
Seat 1: jeff1524 ($1.34 in chips) 
Seat 3: realmadrid18win ($0.48 in chips) 
Seat 5: susi6666 ($3.31 in chips) 
Seat 6: KDtemoRF ($4.69 in chips) 
Seat 7: monstrrrik ($2.09 in chips) 
Seat 8: frosa9397 ($1.89 in chips) 
Seat 9: Dorex2007 ($2.22 in chips) 
jeff1524: posts small blind $0.01
Gaxes GK: is sitting out 
realmadrid18win: posts big blind $0.02
*** HOLE CARDS ***
Dealt to Dorex2007 [Ks 2d]
susi6666: calls $0.02
KDtemoRF: folds 
Gaxes GK leaves the table
monstrrrik: folds 
Mavidat joins the table at seat #2 
frosa9397: folds 
Dorex2007: folds 
jeff1524: raises $0.02 to $0.04
realmadrid18win: folds 
susi6666: calls $0.02
*** FLOP *** [9d 6s Jd]
jeff1524: bets $0.04
susi6666: calls $0.04
*** TURN *** [9d 6s Jd] [7c]
jeff1524: bets $0.06
susi6666: raises $0.06 to $0.12
jeff1524: calls $0.06
*** RIVER *** [9d 6s Jd 7c] [8c]
jeff1524: checks 
susi6666: bets $0.20
jeff1524: folds 
Uncalled bet ($0.20) returned to susi6666
susi6666 collected $0.41 from pot
susi6666: doesn't show hand 
*** SUMMARY ***
Total pot $0.42 | Rake $0.01 
Board [9d 6s Jd 7c 8c]
Seat 1: jeff1524 (small blind) folded on the River
Seat 3: realmadrid18win (big blind) folded before Flop
Seat 5: susi6666 collected ($0.41)
Seat 6: KDtemoRF folded before Flop (didn't bet)
Seat 7: monstrrrik folded before Flop (didn't bet)
Seat 8: frosa9397 folded before Flop (didn't bet)
Seat 9: Dorex2007 (button) folded before Flop (didn't bet)



PokerStars Hand #232794408692:  Hold'em No Limit ($0.01/$0.02 USD) - 2022/01/03 16:00:56 PT [2022/01/03 19:00:56 ET]
Table 'Kriemhild IV' 9-max Seat #1 is the button
Seat 1: jeff1524 ($1.14 in chips) 
Seat 3: realmadrid18win ($0.46 in chips) 
Seat 5: susi6666 ($3.52 in chips) 
Seat 6: KDtemoRF ($4.69 in chips) 
Seat 7: monstrrrik ($2.09 in chips) 
Seat 8: frosa9397 ($1.89 in chips) 
Seat 9: Dorex2007 ($2.22 in chips) 
realmadrid18win: posts small blind $0.01
susi6666: posts big blind $0.02
*** HOLE CARDS ***
Dealt to Dorex2007 [Th 9h]
KDtemoRF: folds 
monstrrrik: folds 
frosa9397: folds 
Dorex2007: raises $0.04 to $0.06
jeff1524: folds 
realmadrid18win: folds 
susi6666: calls $0.04
*** FLOP *** [7d Qd 5c]
susi6666: bets $0.02
Dorex2007: calls $0.02
*** TURN *** [7d Qd 5c] [4s]
susi6666: bets $0.08
Dorex2007: folds 
Uncalled bet ($0.08) returned to susi6666
susi6666 collected $0.16 from pot
susi6666: doesn't show hand 
*** SUMMARY ***
Total pot $0.17 | Rake $0.01 
Board [7d Qd 5c 4s]
Seat 1: jeff1524 (button) folded before Flop (didn't bet)
Seat 3: realmadrid18win (small blind) folded before Flop
Seat 5: susi6666 (big blind) collected ($0.16)
Seat 6: KDtemoRF folded before Flop (didn't bet)
Seat 7: monstrrrik folded before Flop (didn't bet)
Seat 8: frosa9397 folded before Flop (didn't bet)
Seat 9: Dorex2007 folded on the Turn



PokerStars Hand #232794421926:  Hold'em No Limit ($0.01/$0.02 USD) - 2022/01/03 16:01:28 PT [2022/01/03 19:01:28 ET]
Table 'Kriemhild IV' 9-max Seat #3 is the button
Seat 1: jeff1524 ($1.14 in chips) 
Seat 3: realmadrid18win ($0.45 in chips) 
Seat 5: susi6666 ($3.60 in chips) 
Seat 6: KDtemoRF ($4.69 in chips) 
Seat 7: monstrrrik ($2.09 in chips) 
Seat 8: frosa9397 ($1.89 in chips) 
Seat 9: Dorex2007 ($2.14 in chips) 
susi6666: posts small blind $0.01
KDtemoRF: posts big blind $0.02
Mavidat: sits out 
*** HOLE CARDS ***
Dealt to Dorex2007 [Qh 4h]
monstrrrik: folds 
frosa9397: folds 
Dorex2007: folds 
jeff1524: folds 
realmadrid18win: folds 
susi6666: calls $0.01
KDtemoRF: checks 
*** FLOP *** [Js 4d 9d]
susi6666: checks 
KDtemoRF: bets $0.04
susi6666: folds 
Uncalled bet ($0.04) returned to KDtemoRF
KDtemoRF collected $0.04 from pot
KDtemoRF: doesn't show hand 
*** SUMMARY ***
Total pot $0.04 | Rake $0 
Board [Js 4d 9d]
Seat 1: jeff1524 folded before Flop (didn't bet)
Seat 3: realmadrid18win (button) folded before Flop (didn't bet)
Seat 5: susi6666 (small blind) folded on the Flop
Seat 6: KDtemoRF (big blind) collected ($0.04)
Seat 7: monstrrrik folded before Flop (didn't bet)
Seat 8: frosa9397 folded before Flop (didn't bet)
Seat 9: Dorex2007 folded before Flop (didn't bet)



PokerStars Hand #232794431530:  Hold'em No Limit ($0.01/$0.02 USD) - 2022/01/03 16:01:50 PT [2022/01/03 19:01:50 ET]
Table 'Kriemhild IV' 9-max Seat #5 is the button
Seat 1: jeff1524 ($1.14 in chips) 
Seat 2: Mavidat ($1.60 in chips) 
Seat 3: realmadrid18win ($0.45 in chips) 
Seat 5: susi6666 ($3.58 in chips) 
Seat 6: KDtemoRF ($4.71 in chips) 
Seat 7: monstrrrik ($2.09 in chips) 
Seat 8: frosa9397 ($1.89 in chips) 
Seat 9: Dorex2007 ($2.14 in chips) 
KDtemoRF: posts small blind $0.01
monstrrrik: posts big blind $0.02
Mavidat: posts big blind $0.02
*** HOLE CARDS ***
Dealt to Dorex2007 [6c Td]
frosa9397: folds 
Dorex2007: folds 
jeff1524 has timed out
jeff1524: folds 
Mavidat: checks 
realmadrid18win: folds 
susi6666: calls $0.02
KDtemoRF: calls $0.01
monstrrrik: checks 
*** FLOP *** [8h 2s Kc]
KDtemoRF: checks 
monstrrrik: checks 
Mavidat: checks 
susi6666: checks 
*** TURN *** [8h 2s Kc] [Jc]
KDtemoRF: bets $0.02
monstrrrik: raises $0.08 to $0.10
Mavidat: folds 
susi6666: folds 
KDtemoRF: folds 
Uncalled bet ($0.08) returned to monstrrrik
monstrrrik collected $0.12 from pot
monstrrrik: doesn't show hand 
*** SUMMARY ***
Total pot $0.12 | Rake $0 
Board [8h 2s Kc Jc]
Seat 1: jeff1524 folded before Flop (didn't bet)
Seat 2: Mavidat folded on the Turn (didn't bet)
Seat 3: realmadrid18win folded before Flop (didn't bet)
Seat 5: susi6666 (button) folded on the Turn
Seat 6: KDtemoRF (small blind) folded on the Turn
Seat 7: monstrrrik (big blind) collected ($0.12)
Seat 8: frosa9397 folded before Flop (didn't bet)
Seat 9: Dorex2007 folded before Flop (didn't bet)



PokerStars Hand #232794466789:  Hold'em No Limit ($0.01/$0.02 USD) - 2022/01/03 16:02:50 PT [2022/01/03 19:02:50 ET]
Table 'Kriemhild IV' 9-max Seat #6 is the button
Seat 1: jeff1524 ($1.14 in chips) 
Seat 2: Mavidat ($1.58 in chips) 
Seat 3: realmadrid18win ($0.45 in chips) 
Seat 5: susi6666 ($3.56 in chips) 
Seat 6: KDtemoRF ($4.67 in chips) 
Seat 7: monstrrrik ($2.17 in chips) 
Seat 8: frosa9397 ($1.89 in chips) 
Seat 9: Dorex2007 ($2.14 in chips) 
monstrrrik: posts small blind $0.01
frosa9397: posts big blind $0.02
*** HOLE CARDS ***
Dealt to Dorex2007 [7c 9s]
Dorex2007: folds 
jeff1524: raises $0.02 to $0.04
Mavidat: folds 
realmadrid18win: folds 
susi6666: calls $0.04
KDtemoRF: raises $0.20 to $0.24
monstrrrik: folds 
frosa9397: folds 
jeff1524: raises $0.90 to $1.14 and is all-in
susi6666: folds 
KDtemoRF: calls $0.90
*** FLOP *** [Jd Th 2s]
*** TURN *** [Jd Th 2s] [8s]
*** RIVER *** [Jd Th 2s 8s] [Jh]
*** SHOW DOWN ***
jeff1524: shows [6s 6c] (two pair, Jacks and Sixes)
KDtemoRF: shows [Ah Kh] (a pair of Jacks)
jeff1524 collected $2.27 from pot
*** SUMMARY ***
Total pot $2.35 | Rake $0.08 
Board [Jd Th 2s 8s Jh]
Seat 1: jeff1524 showed [6s 6c] and won ($2.27) with two pair, Jacks and Sixes
Seat 2: Mavidat folded before Flop (didn't bet)
Seat 3: realmadrid18win folded before Flop (didn't bet)
Seat 5: susi6666 folded before Flop
Seat 6: KDtemoRF (button) showed [Ah Kh] and lost with a pair of Jacks
Seat 7: monstrrrik (small blind) folded before Flop
Seat 8: frosa9397 (big blind) folded before Flop
Seat 9: Dorex2007 folded before Flop (didn't bet)



PokerStars Hand #232794500733:  Hold'em No Limit ($0.01/$0.02 USD) - 2022/01/03 16:03:48 PT [2022/01/03 19:03:48 ET]
Table 'Kriemhild IV' 9-max Seat #7 is the button
Seat 1: jeff1524 ($2.27 in chips) 
Seat 2: Mavidat ($1.58 in chips) 
Seat 3: realmadrid18win ($0.45 in chips) 
Seat 5: susi6666 ($3.52 in chips) 
Seat 6: KDtemoRF ($3.53 in chips) 
Seat 7: monstrrrik ($2.16 in chips) 
Seat 8: frosa9397 ($1.87 in chips) 
Seat 9: Dorex2007 ($2.14 in chips) 
frosa9397: posts small blind $0.01
Dorex2007: posts big blind $0.02
*** HOLE CARDS ***
Dealt to Dorex2007 [5c Kh]
jeff1524: raises $0.02 to $0.04
Mavidat: calls $0.04
realmadrid18win: folds 
susi6666: folds 
KDtemoRF: folds 
monstrrrik: raises $0.15 to $0.19
frosa9397: folds 
Dorex2007: folds 
jeff1524: folds 
Mavidat: folds 
Uncalled bet ($0.15) returned to monstrrrik
monstrrrik collected $0.15 from pot
monstrrrik: doesn't show hand 
*** SUMMARY ***
Total pot $0.15 | Rake $0 
Seat 1: jeff1524 folded before Flop
Seat 2: Mavidat folded before Flop
Seat 3: realmadrid18win folded before Flop (didn't bet)
Seat 5: susi6666 folded before Flop (didn't bet)
Seat 6: KDtemoRF folded before Flop (didn't bet)
Seat 7: monstrrrik (button) collected ($0.15)
Seat 8: frosa9397 (small blind) folded before Flop
Seat 9: Dorex2007 (big blind) folded before Flop



PokerStars Hand #232794521972:  Hold'em No Limit ($0.01/$0.02 USD) - 2022/01/03 16:04:38 PT [2022/01/03 19:04:38 ET]
Table 'Kriemhild IV' 9-max Seat #8 is the button
Seat 1: jeff1524 ($2.23 in chips) 
Seat 2: Mavidat ($1.54 in chips) 
Seat 3: realmadrid18win ($0.45 in chips) 
Seat 5: susi6666 ($3.52 in chips) 
Seat 6: KDtemoRF ($3.53 in chips) 
Seat 7: monstrrrik ($2.27 in chips) 
Seat 8: frosa9397 ($1.86 in chips) 
Seat 9: Dorex2007 ($2.12 in chips) 
Dorex2007: posts small blind $0.01
jeff1524: posts big blind $0.02
hesc a.: sits out 
*** HOLE CARDS ***
Dealt to Dorex2007 [As Jd]
Mavidat: calls $0.02
realmadrid18win: folds 
susi6666: calls $0.02
KDtemoRF: folds 
monstrrrik: folds 
frosa9397: folds 
Dorex2007: calls $0.01
jeff1524: checks 
*** FLOP *** [7s 6d 5s]
Dorex2007: checks 
jeff1524: checks 
Mavidat: checks 
susi6666: bets $0.02
Dorex2007: calls $0.02
jeff1524: calls $0.02
Mavidat: calls $0.02
*** TURN *** [7s 6d 5s] [Qs]
Dorex2007: bets $0.08
jeff1524: folds 
Mavidat: folds 
susi6666: folds 
Uncalled bet ($0.08) returned to Dorex2007
Dorex2007 collected $0.15 from pot
Dorex2007: doesn't show hand 
*** SUMMARY ***
Total pot $0.16 | Rake $0.01 
Board [7s 6d 5s Qs]
Seat 1: jeff1524 (big blind) folded on the Turn
Seat 2: Mavidat folded on the Turn
Seat 3: realmadrid18win folded before Flop (didn't bet)
Seat 5: susi6666 folded on the Turn
Seat 6: KDtemoRF folded before Flop (didn't bet)
Seat 7: monstrrrik folded before Flop (didn't bet)
Seat 8: frosa9397 (button) folded before Flop (didn't bet)
Seat 9: Dorex2007 (small blind) collected ($0.15)



PokerStars Hand #232794545895:  Hold'em No Limit ($0.01/$0.02 USD) - 2022/01/03 16:05:35 PT [2022/01/03 19:05:35 ET]
Table 'Kriemhild IV' 9-max Seat #9 is the button
Seat 1: jeff1524 ($2.19 in chips) 
Seat 2: Mavidat ($1.50 in chips) 
Seat 3: realmadrid18win ($0.45 in chips) 
Seat 5: susi6666 ($3.48 in chips) 
Seat 6: KDtemoRF ($3.53 in chips) 
Seat 7: monstrrrik ($2.27 in chips) 
Seat 8: frosa9397 ($1.86 in chips) 
Seat 9: Dorex2007 ($2.23 in chips) 
jeff1524: posts small blind $0.01
Mavidat: posts big blind $0.02
hesc a.: sits out 
*** HOLE CARDS ***
Dealt to Dorex2007 [Qc 6s]
realmadrid18win: folds 
susi6666: folds 
KDtemoRF: raises $0.04 to $0.06
monstrrrik: folds 
frosa9397: folds 
Dorex2007: folds 
jeff1524: calls $0.05
Mavidat: folds 
*** FLOP *** [5h 9d Kd]
jeff1524: checks 
KDtemoRF: checks 
*** TURN *** [5h 9d Kd] [Jc]
jeff1524: bets $0.06
KDtemoRF: folds 
Uncalled bet ($0.06) returned to jeff1524
jeff1524 collected $0.14 from pot
jeff1524: doesn't show hand 
*** SUMMARY ***
Total pot $0.14 | Rake $0 
Board [5h 9d Kd Jc]
Seat 1: jeff1524 (small blind) collected ($0.14)
Seat 2: Mavidat (big blind) folded before Flop
Seat 3: realmadrid18win folded before Flop (didn't bet)
Seat 5: susi6666 folded before Flop (didn't bet)
Seat 6: KDtemoRF folded on the Turn
Seat 7: monstrrrik folded before Flop (didn't bet)
Seat 8: frosa9397 folded before Flop (didn't bet)
Seat 9: Dorex2007 (button) folded before Flop (didn't bet)



PokerStars Hand #232794563195:  Hold'em No Limit ($0.01/$0.02 USD) - 2022/01/03 16:06:15 PT [2022/01/03 19:06:15 ET]
Table 'Kriemhild IV' 9-max Seat #1 is the button
Seat 1: jeff1524 ($2.27 in chips) 
Seat 2: Mavidat ($1.48 in chips) 
Seat 3: realmadrid18win ($0.45 in chips) 
Seat 5: susi6666 ($3.48 in chips) 
Seat 6: KDtemoRF ($3.47 in chips) 
Seat 7: monstrrrik ($2.27 in chips) 
Seat 8: frosa9397 ($1.86 in chips) 
Seat 9: Dorex2007 ($2.23 in chips) 
Mavidat: posts small blind $0.01
realmadrid18win: posts big blind $0.02
hesc a.: sits out 
*** HOLE CARDS ***
Dealt to Dorex2007 [Kh 2s]
susi6666: folds 
KDtemoRF: folds 
monstrrrik: folds 
frosa9397: calls $0.02
Dorex2007: folds 
jeff1524: raises $0.04 to $0.06
Mavidat: folds 
realmadrid18win: folds 
frosa9397: folds 
Uncalled bet ($0.04) returned to jeff1524
jeff1524 collected $0.07 from pot
jeff1524: doesn't show hand 
*** SUMMARY ***
Total pot $0.07 | Rake $0 
Seat 1: jeff1524 (button) collected ($0.07)
Seat 2: Mavidat (small blind) folded before Flop
Seat 3: realmadrid18win (big blind) folded before Flop
Seat 5: susi6666 folded before Flop (didn't bet)
Seat 6: KDtemoRF folded before Flop (didn't bet)
Seat 7: monstrrrik folded before Flop (didn't bet)
Seat 8: frosa9397 folded before Flop
Seat 9: Dorex2007 folded before Flop (didn't bet)



PokerStars Hand #232794576515:  Hold'em No Limit ($0.01/$0.02 USD) - 2022/01/03 16:06:47 PT [2022/01/03 19:06:47 ET]
Table 'Kriemhild IV' 9-max Seat #2 is the button
Seat 1: jeff1524 ($2.32 in chips) 
Seat 2: Mavidat ($1.47 in chips) 
Seat 3: realmadrid18win ($0.43 in chips) 
Seat 4: hesc a. ($1.17 in chips) 
Seat 5: susi6666 ($3.48 in chips) 
Seat 6: KDtemoRF ($3.47 in chips) 
Seat 7: monstrrrik ($2.27 in chips) 
Seat 8: frosa9397 ($1.84 in chips) 
Seat 9: Dorex2007 ($2.23 in chips) 
realmadrid18win: posts small blind $0.01
hesc a.: posts big blind $0.02
*** HOLE CARDS ***
Dealt to Dorex2007 [8s Kd]
susi6666: calls $0.02
KDtemoRF has timed out
KDtemoRF: folds 
monstrrrik: raises $0.07 to $0.09
frosa9397: calls $0.09
Dorex2007: folds 
jeff1524: calls $0.09
Mavidat: folds 
realmadrid18win: folds 
hesc a.: folds 
susi6666: calls $0.07
*** FLOP *** [7c 8h Jd]
susi6666: checks 
monstrrrik: bets $0.25
frosa9397: folds 
jeff1524: folds 
susi6666: folds 
Uncalled bet ($0.25) returned to monstrrrik
monstrrrik collected $0.38 from pot
monstrrrik: doesn't show hand 
*** SUMMARY ***
Total pot $0.39 | Rake $0.01 
Board [7c 8h Jd]
Seat 1: jeff1524 folded on the Flop
Seat 2: Mavidat (button) folded before Flop (didn't bet)
Seat 3: realmadrid18win (small blind) folded before Flop
Seat 4: hesc a. (big blind) folded before Flop
Seat 5: susi6666 folded on the Flop
Seat 6: KDtemoRF folded before Flop (didn't bet)
Seat 7: monstrrrik collected ($0.38)
Seat 8: frosa9397 folded on the Flop
Seat 9: Dorex2007 folded before Flop (didn't bet)



PokerStars Hand #232794603418:  Hold'em No Limit ($0.01/$0.02 USD) - 2022/01/03 16:07:51 PT [2022/01/03 19:07:51 ET]
Table 'Kriemhild IV' 9-max Seat #3 is the button
Seat 1: jeff1524 ($2.23 in chips) 
Seat 2: Mavidat ($1.47 in chips) 
Seat 3: realmadrid18win ($0.42 in chips) 
Seat 4: hesc a. ($1.15 in chips) 
Seat 5: susi6666 ($3.39 in chips) 
Seat 6: KDtemoRF ($3.47 in chips) 
Seat 7: monstrrrik ($2.56 in chips) 
Seat 8: frosa9397 ($1.75 in chips) 
Seat 9: Dorex2007 ($2.23 in chips) 
hesc a.: posts small blind $0.01
susi6666: posts big blind $0.02
*** HOLE CARDS ***
Dealt to Dorex2007 [6s Qs]
KDtemoRF: raises $0.04 to $0.06
monstrrrik: folds 
frosa9397: folds 
Dorex2007: folds 
jeff1524: raises $0.04 to $0.10
Mavidat: folds 
realmadrid18win: folds 
hesc a.: folds 
susi6666: folds 
KDtemoRF: calls $0.04
*** FLOP *** [5d Th Kh]
KDtemoRF: checks 
jeff1524: bets $0.18
KDtemoRF: calls $0.18
*** TURN *** [5d Th Kh] [4d]
KDtemoRF: checks 
jeff1524: bets $0.29
KDtemoRF: calls $0.29
*** RIVER *** [5d Th Kh 4d] [2c]
KDtemoRF: checks 
jeff1524: bets $0.57
KDtemoRF: calls $0.57
*** SHOW DOWN ***
jeff1524: shows [Kc Ks] (three of a kind, Kings)
KDtemoRF: mucks hand 
jeff1524 collected $2.23 from pot
*** SUMMARY ***
Total pot $2.31 | Rake $0.08 
Board [5d Th Kh 4d 2c]
Seat 1: jeff1524 showed [Kc Ks] and won ($2.23) with three of a kind, Kings
Seat 2: Mavidat folded before Flop (didn't bet)
Seat 3: realmadrid18win (button) folded before Flop (didn't bet)
Seat 4: hesc a. (small blind) folded before Flop
Seat 5: susi6666 (big blind) folded before Flop
Seat 6: KDtemoRF mucked [Kd Js]
Seat 7: monstrrrik folded before Flop (didn't bet)
Seat 8: frosa9397 folded before Flop (didn't bet)
Seat 9: Dorex2007 folded before Flop (didn't bet)



PokerStars Hand #232794638511:  Hold'em No Limit ($0.01/$0.02 USD) - 2022/01/03 16:09:15 PT [2022/01/03 19:09:15 ET]
Table 'Kriemhild IV' 9-max Seat #4 is the button
Seat 1: jeff1524 ($3.32 in chips) 
Seat 2: Mavidat ($1.47 in chips) 
Seat 3: realmadrid18win ($0.42 in chips) 
Seat 4: hesc a. ($1.14 in chips) 
Seat 5: susi6666 ($3.37 in chips) 
Seat 7: monstrrrik ($2.56 in chips) 
Seat 8: frosa9397 ($1.75 in chips) 
Seat 9: Dorex2007 ($2.23 in chips) 
susi6666: posts small blind $0.01
KDtemoRF: is sitting out 
monstrrrik: posts big blind $0.02
*** HOLE CARDS ***
Dealt to Dorex2007 [5d Jh]
KDtemoRF leaves the table
frosa9397: folds 
Dorex2007: folds 
jeff1524: folds 
Mavidat: calls $0.02
realmadrid18win: calls $0.02
hesc a.: calls $0.02
susi6666: raises $0.02 to $0.04
monstrrrik: folds 
Pepono101 joins the table at seat #6 
Mavidat: calls $0.02
realmadrid18win: calls $0.02
hesc a.: calls $0.02
*** FLOP *** [3c 6c 7c]
susi6666: bets $0.02
Mavidat: folds 
realmadrid18win: folds 
hesc a.: calls $0.02
*** TURN *** [3c 6c 7c] [As]
susi6666: bets $0.02
hesc a.: calls $0.02
*** RIVER *** [3c 6c 7c As] [8c]
susi6666: bets $0.12
hesc a.: folds 
Uncalled bet ($0.12) returned to susi6666
susi6666 collected $0.25 from pot
susi6666: doesn't show hand 
*** SUMMARY ***
Total pot $0.26 | Rake $0.01 
Board [3c 6c 7c As 8c]
Seat 1: jeff1524 folded before Flop (didn't bet)
Seat 2: Mavidat folded on the Flop
Seat 3: realmadrid18win folded on the Flop
Seat 4: hesc a. (button) folded on the River
Seat 5: susi6666 (small blind) collected ($0.25)
Seat 7: monstrrrik (big blind) folded before Flop
Seat 8: frosa9397 folded before Flop (didn't bet)
Seat 9: Dorex2007 folded before Flop (didn't bet)



PokerStars Hand #232794662671:  Hold'em No Limit ($0.01/$0.02 USD) - 2022/01/03 16:10:13 PT [2022/01/03 19:10:13 ET]
Table 'Kriemhild IV' 9-max Seat #5 is the button
Seat 1: jeff1524 ($3.32 in chips) 
Seat 2: Mavidat ($1.43 in chips) 
Seat 3: realmadrid18win ($0.38 in chips) 
Seat 4: hesc a. ($1.06 in chips) 
Seat 5: susi6666 ($3.54 in chips) 
Seat 7: monstrrrik ($2.54 in chips) 
Seat 8: frosa9397 ($1.75 in chips) 
Seat 9: Dorex2007 ($2.23 in chips) 
monstrrrik: posts small blind $0.01
frosa9397: posts big blind $0.02
*** HOLE CARDS ***
Dealt to Dorex2007 [Qd 3h]
Dorex2007: folds 
jeff1524 has timed out
jeff1524: folds 
Mavidat: folds 
realmadrid18win: folds 
hesc a.: folds 
susi6666: raises $0.04 to $0.06
monstrrrik: folds 
frosa9397: folds 
Uncalled bet ($0.04) returned to susi6666
susi6666 collected $0.05 from pot
susi6666: doesn't show hand 
*** SUMMARY ***
Total pot $0.05 | Rake $0 
Seat 1: jeff1524 folded before Flop (didn't bet)
Seat 2: Mavidat folded before Flop (didn't bet)
Seat 3: realmadrid18win folded before Flop (didn't bet)
Seat 4: hesc a. folded before Flop (didn't bet)
Seat 5: susi6666 (button) collected ($0.05)
Seat 7: monstrrrik (small blind) folded before Flop
Seat 8: frosa9397 (big blind) folded before Flop
Seat 9: Dorex2007 folded before Flop (didn't bet)



PokerStars Hand #232794676794:  Hold'em No Limit ($0.01/$0.02 USD) - 2022/01/03 16:10:47 PT [2022/01/03 19:10:47 ET]
Table 'Kriemhild IV' 9-max Seat #7 is the button
Seat 1: jeff1524 ($3.32 in chips) 
Seat 2: Mavidat ($1.43 in chips) 
Seat 3: realmadrid18win ($0.38 in chips) 
Seat 4: hesc a. ($1.06 in chips) 
Seat 5: susi6666 ($3.57 in chips) 
Seat 6: Pepono101 ($2 in chips) 
Seat 7: monstrrrik ($2.53 in chips) 
Seat 8: frosa9397 ($1.73 in chips) 
Seat 9: Dorex2007 ($2.23 in chips) 
frosa9397: posts small blind $0.01
Dorex2007: posts big blind $0.02
Pepono101: posts big blind $0.02
*** HOLE CARDS ***
Dealt to Dorex2007 [5d 2c]
jeff1524: folds 
Mavidat: calls $0.02
jeff1524 leaves the table
realmadrid18win: folds 
hesc a.: calls $0.02
susi6666: calls $0.02
Pepono101: checks 
monstrrrik: folds 
frosa9397: folds 
Dorex2007: checks 
*** FLOP *** [Jh 9c 5h]
Dorex2007: checks 
Respect988 joins the table at seat #1 
Mavidat: checks 
hesc a.: checks 
susi6666: bets $0.02
Pepono101: folds 
Dorex2007: folds 
Mavidat: folds 
hesc a.: folds 
Uncalled bet ($0.02) returned to susi6666
susi6666 collected $0.11 from pot
susi6666: doesn't show hand 
*** SUMMARY ***
Total pot $0.11 | Rake $0 
Board [Jh 9c 5h]
Seat 1: jeff1524 folded before Flop (didn't bet)
Seat 2: Mavidat folded on the Flop
Seat 3: realmadrid18win folded before Flop (didn't bet)
Seat 4: hesc a. folded on the Flop
Seat 5: susi6666 collected ($0.11)
Seat 6: Pepono101 folded on the Flop (didn't bet)
Seat 7: monstrrrik (button) folded before Flop (didn't bet)
Seat 8: frosa9397 (small blind) folded before Flop
Seat 9: Dorex2007 (big blind) folded on the Flop



PokerStars Hand #232794694722:  Hold'em No Limit ($0.01/$0.02 USD) - 2022/01/03 16:11:30 PT [2022/01/03 19:11:30 ET]
Table 'Kriemhild IV' 9-max Seat #8 is the button
Seat 1: Respect988 ($1.95 in chips) 
Seat 2: Mavidat ($1.41 in chips) 
Seat 3: realmadrid18win ($0.38 in chips) 
Seat 4: hesc a. ($1.04 in chips) 
Seat 5: susi6666 ($3.66 in chips) 
Seat 6: Pepono101 ($1.98 in chips) 
Seat 7: monstrrrik ($2.53 in chips) 
Seat 8: frosa9397 ($1.72 in chips) 
Seat 9: Dorex2007 ($2.21 in chips) 
Dorex2007: posts small blind $0.01
Respect988: posts big blind $0.02
*** HOLE CARDS ***
Dealt to Dorex2007 [Qd 4s]
Mavidat: folds 
realmadrid18win: folds 
hesc a.: folds 
susi6666: raises $0.02 to $0.04
Pepono101: folds 
monstrrrik: folds 
frosa9397: calls $0.04
Dorex2007: folds 
Respect988: calls $0.02
*** FLOP *** [Td 4d 9h]
Respect988: checks 
susi6666: checks 
frosa9397: checks 
*** TURN *** [Td 4d 9h] [7d]
Respect988: checks 
susi6666: bets $0.02
frosa9397: folds 
Respect988: calls $0.02
*** RIVER *** [Td 4d 9h 7d] [Qc]
Respect988: checks 
susi6666: bets $0.08
Respect988: calls $0.08
*** SHOW DOWN ***
susi6666: shows [Ts Tc] (three of a kind, Tens)
Respect988: mucks hand 
susi6666 collected $0.32 from pot
*** SUMMARY ***
Total pot $0.33 | Rake $0.01 
Board [Td 4d 9h 7d Qc]
Seat 1: Respect988 (big blind) mucked [Qh 6h]
Seat 2: Mavidat folded before Flop (didn't bet)
Seat 3: realmadrid18win folded before Flop (didn't bet)
Seat 4: hesc a. folded before Flop (didn't bet)
Seat 5: susi6666 showed [Ts Tc] and won ($0.32) with three of a kind, Tens
Seat 6: Pepono101 folded before Flop (didn't bet)
Seat 7: monstrrrik folded before Flop (didn't bet)
Seat 8: frosa9397 (button) folded on the Turn
Seat 9: Dorex2007 (small blind) folded before Flop



PokerStars Hand #232794718080:  Hold'em No Limit ($0.01/$0.02 USD) - 2022/01/03 16:12:26 PT [2022/01/03 19:12:26 ET]
Table 'Kriemhild IV' 9-max Seat #9 is the button
Seat 1: Respect988 ($1.81 in chips) 
Seat 2: Mavidat ($1.41 in chips) 
Seat 3: realmadrid18win ($0.38 in chips) 
Seat 4: hesc a. ($1.04 in chips) 
Seat 5: susi6666 ($3.84 in chips) 
Seat 6: Pepono101 ($1.98 in chips) 
Seat 7: monstrrrik ($2.53 in chips) 
Seat 8: frosa9397 ($1.68 in chips) 
Seat 9: Dorex2007 ($2.20 in chips) 
Respect988: posts small blind $0.01
Mavidat: posts big blind $0.02
*** HOLE CARDS ***
Dealt to Dorex2007 [Kc Qd]
realmadrid18win: folds 
hesc a.: folds 
susi6666: folds 
Pepono101: folds 
monstrrrik: folds 
frosa9397: folds 
Dorex2007: raises $0.04 to $0.06
Respect988: raises $0.18 to $0.24
Mavidat: folds 
Dorex2007: folds 
Uncalled bet ($0.18) returned to Respect988
Respect988 collected $0.14 from pot
Respect988: doesn't show hand 
*** SUMMARY ***
Total pot $0.14 | Rake $0 
Seat 1: Respect988 (small blind) collected ($0.14)
Seat 2: Mavidat (big blind) folded before Flop
Seat 3: realmadrid18win folded before Flop (didn't bet)
Seat 4: hesc a. folded before Flop (didn't bet)
Seat 5: susi6666 folded before Flop (didn't bet)
Seat 6: Pepono101 folded before Flop (didn't bet)
Seat 7: monstrrrik folded before Flop (didn't bet)
Seat 8: frosa9397 folded before Flop (didn't bet)
Seat 9: Dorex2007 (button) folded before Flop



PokerStars Hand #232794730967:  Hold'em No Limit ($0.01/$0.02 USD) - 2022/01/03 16:12:57 PT [2022/01/03 19:12:57 ET]
Table 'Kriemhild IV' 9-max Seat #1 is the button
Seat 1: Respect988 ($1.89 in chips) 
Seat 2: Mavidat ($1.39 in chips) 
Seat 3: realmadrid18win ($0.38 in chips) 
Seat 4: hesc a. ($1.04 in chips) 
Seat 5: susi6666 ($3.84 in chips) 
Seat 6: Pepono101 ($1.98 in chips) 
Seat 7: monstrrrik ($2.53 in chips) 
Seat 8: frosa9397 ($1.68 in chips) 
Seat 9: Dorex2007 ($2.14 in chips) 
Mavidat: posts small blind $0.01
realmadrid18win: posts big blind $0.02
*** HOLE CARDS ***
Dealt to Dorex2007 [9h Ad]
hesc a.: folds 
susi6666: calls $0.02
Pepono101: folds 
monstrrrik: folds 
frosa9397: folds 
Dorex2007: folds 
Respect988: raises $0.08 to $0.10
Mavidat: folds 
realmadrid18win: folds 
susi6666: folds 
Uncalled bet ($0.08) returned to Respect988
Respect988 collected $0.07 from pot
Respect988: doesn't show hand 
*** SUMMARY ***
Total pot $0.07 | Rake $0 
Seat 1: Respect988 (button) collected ($0.07)
Seat 2: Mavidat (small blind) folded before Flop
Seat 3: realmadrid18win (big blind) folded before Flop
Seat 4: hesc a. folded before Flop (didn't bet)
Seat 5: susi6666 folded before Flop
Seat 6: Pepono101 folded before Flop (didn't bet)
Seat 7: monstrrrik folded before Flop (didn't bet)
Seat 8: frosa9397 folded before Flop (didn't bet)
Seat 9: Dorex2007 folded before Flop (didn't bet)



PokerStars Hand #232794739387:  Hold'em No Limit ($0.01/$0.02 USD) - 2022/01/03 16:13:18 PT [2022/01/03 19:13:18 ET]
Table 'Kriemhild IV' 9-max Seat #2 is the button
Seat 1: Respect988 ($1.94 in chips) 
Seat 2: Mavidat ($1.38 in chips) 
Seat 3: realmadrid18win ($0.36 in chips) 
Seat 4: hesc a. ($1.04 in chips) 
Seat 5: susi6666 ($3.82 in chips) 
Seat 6: Pepono101 ($1.98 in chips) 
Seat 7: monstrrrik ($2.53 in chips) 
Seat 8: frosa9397 ($1.68 in chips) 
Seat 9: Dorex2007 ($2.14 in chips) 
realmadrid18win: posts small blind $0.01
hesc a.: posts big blind $0.02
*** HOLE CARDS ***
Dealt to Dorex2007 [Kd Ts]
susi6666: calls $0.02
Pepono101: folds 
monstrrrik: folds 
frosa9397: folds 
Dorex2007: folds 
Respect988: folds 
Mavidat: calls $0.02
realmadrid18win: calls $0.01
hesc a.: checks 
*** FLOP *** [5d As 4c]
realmadrid18win: checks 
hesc a.: checks 
susi6666: checks 
Mavidat: checks 
*** TURN *** [5d As 4c] [Jc]
realmadrid18win: bets $0.07
hesc a.: folds 
susi6666: calls $0.07
Mavidat: calls $0.07
*** RIVER *** [5d As 4c Jc] [9h]
realmadrid18win: checks 
susi6666: checks 
Mavidat: bets $0.12
realmadrid18win: calls $0.12
susi6666: folds 
*** SHOW DOWN ***
Mavidat: shows [Ah 8s] (a pair of Aces)
realmadrid18win: mucks hand 
Mavidat collected $0.51 from pot
*** SUMMARY ***
Total pot $0.53 | Rake $0.02 
Board [5d As 4c Jc 9h]
Seat 1: Respect988 folded before Flop (didn't bet)
Seat 2: Mavidat (button) showed [Ah 8s] and won ($0.51) with a pair of Aces
Seat 3: realmadrid18win (small blind) mucked [7h Ac]
Seat 4: hesc a. (big blind) folded on the Turn
Seat 5: susi6666 folded on the River
Seat 6: Pepono101 folded before Flop (didn't bet)
Seat 7: monstrrrik folded before Flop (didn't bet)
Seat 8: frosa9397 folded before Flop (didn't bet)
Seat 9: Dorex2007 folded before Flop (didn't bet)



PokerStars Hand #232794771649:  Hold'em No Limit ($0.01/$0.02 USD) - 2022/01/03 16:14:37 PT [2022/01/03 19:14:37 ET]
Table 'Kriemhild IV' 9-max Seat #3 is the button
Seat 1: Respect988 ($1.94 in chips) 
Seat 2: Mavidat ($1.68 in chips) 
Seat 3: realmadrid18win ($0.15 in chips) 
Seat 4: hesc a. ($1.02 in chips) 
Seat 5: susi6666 ($3.73 in chips) 
Seat 6: Pepono101 ($1.98 in chips) 
Seat 7: monstrrrik ($2.53 in chips) 
Seat 8: frosa9397 ($1.68 in chips) 
Seat 9: Dorex2007 ($2.14 in chips) 
hesc a.: posts small blind $0.01
susi6666: posts big blind $0.02
*** HOLE CARDS ***
Dealt to Dorex2007 [Ks 9c]
Pepono101: calls $0.02
monstrrrik: folds 
frosa9397: folds 
Dorex2007: folds 
Respect988: folds 
Mavidat: calls $0.02
realmadrid18win: folds 
hesc a.: calls $0.01
susi6666: raises $0.04 to $0.06
Pepono101: calls $0.04
Mavidat: folds 
hesc a.: folds 
*** FLOP *** [2c 9h 6d]
susi6666: bets $0.07
Pepono101: folds 
Uncalled bet ($0.07) returned to susi6666
susi6666 collected $0.15 from pot
susi6666: doesn't show hand 
*** SUMMARY ***
Total pot $0.16 | Rake $0.01 
Board [2c 9h 6d]
Seat 1: Respect988 folded before Flop (didn't bet)
Seat 2: Mavidat folded before Flop
Seat 3: realmadrid18win (button) folded before Flop (didn't bet)
Seat 4: hesc a. (small blind) folded before Flop
Seat 5: susi6666 (big blind) collected ($0.15)
Seat 6: Pepono101 folded on the Flop
Seat 7: monstrrrik folded before Flop (didn't bet)
Seat 8: frosa9397 folded before Flop (didn't bet)
Seat 9: Dorex2007 folded before Flop (didn't bet)



PokerStars Hand #232794790833:  Hold'em No Limit ($0.01/$0.02 USD) - 2022/01/03 16:15:23 PT [2022/01/03 19:15:23 ET]
Table 'Kriemhild IV' 9-max Seat #4 is the button
Seat 1: Respect988 ($1.94 in chips) 
Seat 2: Mavidat ($1.66 in chips) 
Seat 3: realmadrid18win ($0.15 in chips) 
Seat 4: hesc a. ($1 in chips) 
Seat 5: susi6666 ($3.82 in chips) 
Seat 6: Pepono101 ($1.92 in chips) 
Seat 7: monstrrrik ($2.53 in chips) 
Seat 8: frosa9397 ($1.68 in chips) 
Seat 9: Dorex2007 ($2.14 in chips) 
susi6666: posts small blind $0.01
Pepono101: posts big blind $0.02
*** HOLE CARDS ***
Dealt to Dorex2007 [Ah 9s]
monstrrrik: folds 
frosa9397: folds 
Dorex2007: folds 
Respect988: raises $0.04 to $0.06
Mavidat: folds 
realmadrid18win: folds 
hesc a.: folds 
susi6666: calls $0.05
Pepono101: calls $0.04
*** FLOP *** [Jc 8d 6s]
susi6666: checks 
Pepono101: bets $0.08
Respect988: folds 
susi6666: calls $0.08
*** TURN *** [Jc 8d 6s] [Kd]
susi6666: checks 
Pepono101: bets $0.16
susi6666: calls $0.16
*** RIVER *** [Jc 8d 6s Kd] [3d]
susi6666: bets $0.64
Pepono101: calls $0.64
*** SHOW DOWN ***
susi6666: shows [6d Qd] (a flush, King high)
Pepono101: mucks hand 
susi6666 collected $1.87 from pot
*** SUMMARY ***
Total pot $1.94 | Rake $0.07 
Board [Jc 8d 6s Kd 3d]
Seat 1: Respect988 folded on the Flop
Seat 2: Mavidat folded before Flop (didn't bet)
Seat 3: realmadrid18win folded before Flop (didn't bet)
Seat 4: hesc a. (button) folded before Flop (didn't bet)
Seat 5: susi6666 (small blind) showed [6d Qd] and won ($1.87) with a flush, King high
Seat 6: Pepono101 (big blind) mucked [Jh Ac]
Seat 7: monstrrrik folded before Flop (didn't bet)
Seat 8: frosa9397 folded before Flop (didn't bet)
Seat 9: Dorex2007 folded before Flop (didn't bet)



PokerStars Hand #232794825624:  Hold'em No Limit ($0.01/$0.02 USD) - 2022/01/03 16:16:49 PT [2022/01/03 19:16:49 ET]
Table 'Kriemhild IV' 9-max Seat #5 is the button
Seat 1: Respect988 ($1.88 in chips) 
Seat 2: Mavidat ($1.66 in chips) 
Seat 3: realmadrid18win ($0.15 in chips) 
Seat 4: hesc a. ($1 in chips) 
Seat 5: susi6666 ($4.75 in chips) 
Seat 6: Pepono101 ($0.98 in chips) 
Seat 7: monstrrrik ($2.53 in chips) 
Seat 8: frosa9397 ($1.68 in chips) 
Seat 9: Dorex2007 ($2.14 in chips) 
Pepono101: posts small blind $0.01
monstrrrik: posts big blind $0.02
*** HOLE CARDS ***
Dealt to Dorex2007 [Jh 2d]
frosa9397: calls $0.02
Dorex2007: folds 
Respect988: folds 
Mavidat: calls $0.02
realmadrid18win: folds 
hesc a.: calls $0.02
susi6666: calls $0.02
Pepono101: calls $0.01
monstrrrik: checks 
*** FLOP *** [6s 4s 8h]
Pepono101: bets $0.04
monstrrrik: folds 
frosa9397: folds 
Mavidat: folds 
hesc a.: calls $0.04
susi6666: calls $0.04
*** TURN *** [6s 4s 8h] [6h]
Pepono101: bets $0.23
hesc a.: folds 
susi6666: folds 
Uncalled bet ($0.23) returned to Pepono101
Pepono101 collected $0.23 from pot
Pepono101: doesn't show hand 
*** SUMMARY ***
Total pot $0.24 | Rake $0.01 
Board [6s 4s 8h 6h]
Seat 1: Respect988 folded before Flop (didn't bet)
Seat 2: Mavidat folded on the Flop
Seat 3: realmadrid18win folded before Flop (didn't bet)
Seat 4: hesc a. folded on the Turn
Seat 5: susi6666 (button) folded on the Turn
Seat 6: Pepono101 (small blind) collected ($0.23)
Seat 7: monstrrrik (big blind) folded on the Flop
Seat 8: frosa9397 folded on the Flop
Seat 9: Dorex2007 folded before Flop (didn't bet)



PokerStars Hand #232794848411:  Hold'em No Limit ($0.01/$0.02 USD) - 2022/01/03 16:17:46 PT [2022/01/03 19:17:46 ET]
Table 'Kriemhild IV' 9-max Seat #6 is the button
Seat 1: Respect988 ($1.88 in chips) 
Seat 2: Mavidat ($1.64 in chips) 
Seat 3: realmadrid18win ($0.15 in chips) 
Seat 4: hesc a. ($0.94 in chips) 
Seat 5: susi6666 ($4.69 in chips) 
Seat 6: Pepono101 ($1.15 in chips) 
Seat 7: monstrrrik ($2.51 in chips) 
Seat 8: frosa9397 ($1.66 in chips) 
Seat 9: Dorex2007 ($2.14 in chips) 
monstrrrik: posts small blind $0.01
frosa9397: posts big blind $0.02
*** HOLE CARDS ***
Dealt to Dorex2007 [Ac Qh]
Dorex2007: raises $0.02 to $0.04
Respect988: raises $0.10 to $0.14
Mavidat: folds 
realmadrid18win: raises $0.01 to $0.15 and is all-in
hesc a.: folds 
susi6666: folds 
Pepono101: folds 
monstrrrik: folds 
frosa9397: folds 
Dorex2007: folds 
Respect988: calls $0.01
*** FIRST FLOP *** [6h 9c Qc]
*** FIRST TURN *** [6h 9c Qc] [Jd]
*** FIRST RIVER *** [6h 9c Qc Jd] [7c]
*** SECOND FLOP *** [8h 2d 7d]
*** SECOND TURN *** [8h 2d 7d] [Td]
*** SECOND RIVER *** [8h 2d 7d Td] [Th]
*** FIRST SHOW DOWN ***
Respect988: shows [Ah Tc] (high card Ace)
realmadrid18win: shows [8d 8c] (a pair of Eights)
realmadrid18win collected $0.18 from pot
*** SECOND SHOW DOWN ***
Respect988: shows [Ah Tc] (three of a kind, Tens)
realmadrid18win: shows [8d 8c] (a full house, Eights full of Tens)
realmadrid18win collected $0.18 from pot
*** SUMMARY ***
Total pot $0.37 | Rake $0.01 
Hand was run twice
FIRST Board [6h 9c Qc Jd 7c]
SECOND Board [8h 2d 7d Td Th]
Seat 1: Respect988 showed [Ah Tc] and lost with high card Ace, and lost with three of a kind, Tens
Seat 2: Mavidat folded before Flop (didn't bet)
Seat 3: realmadrid18win showed [8d 8c] and won ($0.18) with a pair of Eights, and won ($0.18) with a full house, Eights full of Tens
Seat 4: hesc a. folded before Flop (didn't bet)
Seat 5: susi6666 folded before Flop (didn't bet)
Seat 6: Pepono101 (button) folded before Flop (didn't bet)
Seat 7: monstrrrik (small blind) folded before Flop
Seat 8: frosa9397 (big blind) folded before Flop
Seat 9: Dorex2007 folded before Flop



PokerStars Hand #232794867410:  Hold'em No Limit ($0.01/$0.02 USD) - 2022/01/03 16:18:33 PT [2022/01/03 19:18:33 ET]
Table 'Kriemhild IV' 9-max Seat #7 is the button
Seat 1: Respect988 ($1.73 in chips) 
Seat 2: Mavidat ($1.64 in chips) 
Seat 3: realmadrid18win ($0.36 in chips) 
Seat 4: hesc a. ($0.94 in chips) 
Seat 5: susi6666 ($4.69 in chips) 
Seat 6: Pepono101 ($1.15 in chips) 
Seat 7: monstrrrik ($2.50 in chips) 
Seat 8: frosa9397 ($1.64 in chips) 
Seat 9: Dorex2007 ($2.10 in chips) 
frosa9397: posts small blind $0.01
Dorex2007: posts big blind $0.02
*** HOLE CARDS ***
Dealt to Dorex2007 [3d 6h]
Respect988: folds 
Mavidat: folds 
realmadrid18win: folds 
hesc a.: raises $0.02 to $0.04
susi6666: folds 
Pepono101: calls $0.04
monstrrrik: folds 
frosa9397: calls $0.03
Dorex2007: folds 
*** FLOP *** [5s Kh 8s]
frosa9397: checks 
hesc a.: checks 
Pepono101: checks 
*** TURN *** [5s Kh 8s] [Ah]
frosa9397: checks 
hesc a.: bets $0.07
Pepono101: calls $0.07
frosa9397: calls $0.07
*** RIVER *** [5s Kh 8s Ah] [Kd]
frosa9397: checks 
hesc a.: checks 
Pepono101: bets $0.22
frosa9397: folds 
hesc a.: folds 
Uncalled bet ($0.22) returned to Pepono101
Pepono101 collected $0.34 from pot
Pepono101: doesn't show hand 
*** SUMMARY ***
Total pot $0.35 | Rake $0.01 
Board [5s Kh 8s Ah Kd]
Seat 1: Respect988 folded before Flop (didn't bet)
Seat 2: Mavidat folded before Flop (didn't bet)
Seat 3: realmadrid18win folded before Flop (didn't bet)
Seat 4: hesc a. folded on the River
Seat 5: susi6666 folded before Flop (didn't bet)
Seat 6: Pepono101 collected ($0.34)
Seat 7: monstrrrik (button) folded before Flop (didn't bet)
Seat 8: frosa9397 (small blind) folded on the River
Seat 9: Dorex2007 (big blind) folded before Flop



PokerStars Hand #232794896240:  Hold'em No Limit ($0.01/$0.02 USD) - 2022/01/03 16:19:45 PT [2022/01/03 19:19:45 ET]
Table 'Kriemhild IV' 9-max Seat #8 is the button
Seat 1: Respect988 ($1.73 in chips) 
Seat 2: Mavidat ($1.64 in chips) 
Seat 3: realmadrid18win ($0.36 in chips) 
Seat 4: hesc a. ($0.83 in chips) 
Seat 5: susi6666 ($4.69 in chips) 
Seat 6: Pepono101 ($1.38 in chips) 
Seat 7: monstrrrik ($2.50 in chips) 
Seat 8: frosa9397 ($1.53 in chips) 
Seat 9: Dorex2007 ($2.08 in chips) 
Dorex2007: posts small blind $0.01
Respect988: posts big blind $0.02
*** HOLE CARDS ***
Dealt to Dorex2007 [9s Kh]
Mavidat: folds 
realmadrid18win: folds 
hesc a.: raises $0.02 to $0.04
susi6666: calls $0.04
Pepono101: folds 
monstrrrik: folds 
frosa9397: folds 
Dorex2007: folds 
Respect988: calls $0.02
*** FLOP *** [2d 5h Jc]
Respect988: checks 
hesc a.: bets $0.07
susi6666: folds 
Pepono101 is disconnected 
Respect988: calls $0.07
*** TURN *** [2d 5h Jc] [Ac]
Respect988: checks 
hesc a.: checks 
*** RIVER *** [2d 5h Jc Ac] [Qd]
Respect988: bets $0.22
hesc a.: folds 
Uncalled bet ($0.22) returned to Respect988
Respect988 collected $0.26 from pot
Respect988: doesn't show hand 
*** SUMMARY ***
Total pot $0.27 | Rake $0.01 
Board [2d 5h Jc Ac Qd]
Seat 1: Respect988 (big blind) collected ($0.26)
Seat 2: Mavidat folded before Flop (didn't bet)
Seat 3: realmadrid18win folded before Flop (didn't bet)
Seat 4: hesc a. folded on the River
Seat 5: susi6666 folded on the Flop
Seat 6: Pepono101 folded before Flop (didn't bet)
Seat 7: monstrrrik folded before Flop (didn't bet)
Seat 8: frosa9397 (button) folded before Flop (didn't bet)
Seat 9: Dorex2007 (small blind) folded before Flop



PokerStars Hand #232794917742:  Hold'em No Limit ($0.01/$0.02 USD) - 2022/01/03 16:20:39 PT [2022/01/03 19:20:39 ET]
Table 'Kriemhild IV' 9-max Seat #9 is the button
Seat 2: Mavidat ($1.64 in chips) 
Seat 3: realmadrid18win ($0.36 in chips) 
Seat 4: hesc a. ($0.72 in chips) 
Seat 5: susi6666 ($4.65 in chips) 
Seat 6: Pepono101 ($1.38 in chips) 
Seat 7: monstrrrik ($2.50 in chips) 
Seat 8: frosa9397 ($1.53 in chips) 
Seat 9: Dorex2007 ($2.07 in chips) 
Mavidat: posts small blind $0.01
realmadrid18win: posts big blind $0.02
*** HOLE CARDS ***
Dealt to Dorex2007 [2h Kd]
hesc a.: folds 
susi6666: raises $0.02 to $0.04
Pepono101 has timed out while disconnected
Pepono101: folds 
monstrrrik: folds 
frosa9397: folds 
Dorex2007: folds 
Mavidat: calls $0.03
realmadrid18win: calls $0.02
*** FLOP *** [Ts 4s Jh]
Mavidat: checks 
realmadrid18win: checks 
susi6666: bets $0.06
Mavidat: calls $0.06
realmadrid18win: folds 
*** TURN *** [Ts 4s Jh] [7s]
Mavidat: checks 
susi6666: checks 
*** RIVER *** [Ts 4s Jh 7s] [Ad]
Mavidat: bets $0.30
susi6666: calls $0.30
*** SHOW DOWN ***
Mavidat: shows [As 2s] (a flush, Ace high)
susi6666: mucks hand 
Mavidat collected $0.81 from pot
*** SUMMARY ***
Total pot $0.84 | Rake $0.03 
Board [Ts 4s Jh 7s Ad]
Seat 2: Mavidat (small blind) showed [As 2s] and won ($0.81) with a flush, Ace high
Seat 3: realmadrid18win (big blind) folded on the Flop
Seat 4: hesc a. folded before Flop (didn't bet)
Seat 5: susi6666 mucked [Ah Tc]
Seat 6: Pepono101 folded before Flop (didn't bet)
Seat 7: monstrrrik folded before Flop (didn't bet)
Seat 8: frosa9397 folded before Flop (didn't bet)
Seat 9: Dorex2007 (button) folded before Flop (didn't bet)



PokerStars Hand #232794944160:  Hold'em No Limit ($0.01/$0.02 USD) - 2022/01/03 16:21:46 PT [2022/01/03 19:21:46 ET]
Table 'Kriemhild IV' 9-max Seat #2 is the button
Seat 1: Respect988 ($1.88 in chips) 
Seat 2: Mavidat ($2.05 in chips) 
Seat 3: realmadrid18win ($0.32 in chips) 
Seat 4: hesc a. ($0.72 in chips) 
Seat 5: susi6666 ($4.25 in chips) 
Seat 7: monstrrrik ($2.50 in chips) 
Seat 8: frosa9397 ($1.53 in chips) 
Seat 9: Dorex2007 ($2.07 in chips) 
realmadrid18win: posts small blind $0.01
hesc a.: posts big blind $0.02
Respect988: posts small blind $0.01
*** HOLE CARDS ***
Dealt to Dorex2007 [Js 7h]
susi6666: folds 
monstrrrik: folds 
susi6666 leaves the table
frosa9397: folds 
Dorex2007: folds 
Respect988: raises $0.04 to $0.06
Mavidat: folds 
realmadrid18win: folds 
hesc a.: folds 
Uncalled bet ($0.04) returned to Respect988
Respect988 collected $0.06 from pot
Respect988: doesn't show hand 
*** SUMMARY ***
Total pot $0.06 | Rake $0 
Seat 1: Respect988 collected ($0.06)
Seat 2: Mavidat (button) folded before Flop (didn't bet)
Seat 3: realmadrid18win (small blind) folded before Flop
Seat 4: hesc a. (big blind) folded before Flop
Seat 5: susi6666 folded before Flop (didn't bet)
Seat 7: monstrrrik folded before Flop (didn't bet)
Seat 8: frosa9397 folded before Flop (didn't bet)
Seat 9: Dorex2007 folded before Flop (didn't bet)



PokerStars Hand #232794951502:  Hold'em No Limit ($0.01/$0.02 USD) - 2022/01/03 16:22:04 PT [2022/01/03 19:22:04 ET]
Table 'Kriemhild IV' 9-max Seat #3 is the button
Seat 1: Respect988 ($1.91 in chips) 
Seat 2: Mavidat ($2.05 in chips) 
Seat 3: realmadrid18win ($0.31 in chips) 
Seat 4: hesc a. ($0.70 in chips) 
Seat 7: monstrrrik ($2.50 in chips) 
Seat 8: frosa9397 ($1.53 in chips) 
Seat 9: Dorex2007 ($2.07 in chips) 
hesc a.: posts small blind $0.01
monstrrrik: posts big blind $0.02
*** HOLE CARDS ***
Dealt to Dorex2007 [Qs 2c]
agustin10442 joins the table at seat #5 
frosa9397: calls $0.02
Dorex2007: folds 
Respect988: folds 
Mavidat: calls $0.02
realmadrid18win: folds 
hesc a.: calls $0.01
monstrrrik: checks 
*** FLOP *** [6s Ts 3h]
hesc a.: checks 
monstrrrik: checks 
frosa9397: checks 
Mavidat: checks 
*** TURN *** [6s Ts 3h] [6h]
hesc a.: checks 
monstrrrik: bets $0.05
frosa9397: folds 
Mavidat: calls $0.05
hesc a.: folds 
*** RIVER *** [6s Ts 3h 6h] [4s]
monstrrrik: bets $0.11
Mavidat: raises $0.49 to $0.60
monstrrrik: folds 
Uncalled bet ($0.49) returned to Mavidat
Mavidat collected $0.39 from pot
Mavidat: doesn't show hand 
*** SUMMARY ***
Total pot $0.40 | Rake $0.01 
Board [6s Ts 3h 6h 4s]
Seat 1: Respect988 folded before Flop (didn't bet)
Seat 2: Mavidat collected ($0.39)
Seat 3: realmadrid18win (button) folded before Flop (didn't bet)
Seat 4: hesc a. (small blind) folded on the Turn
Seat 7: monstrrrik (big blind) folded on the River
Seat 8: frosa9397 folded on the Turn
Seat 9: Dorex2007 folded before Flop (didn't bet)



PokerStars Hand #232794976877:  Hold'em No Limit ($0.01/$0.02 USD) - 2022/01/03 16:23:09 PT [2022/01/03 19:23:09 ET]
Table 'Kriemhild IV' 9-max Seat #4 is the button
Seat 1: Respect988 ($1.91 in chips) 
Seat 2: Mavidat ($2.26 in chips) 
Seat 3: realmadrid18win ($0.31 in chips) 
Seat 4: hesc a. ($0.68 in chips) 
Seat 7: monstrrrik ($2.32 in chips) 
Seat 8: frosa9397 ($1.51 in chips) 
Seat 9: Dorex2007 ($2.07 in chips) 
monstrrrik: posts small blind $0.01
frosa9397: posts big blind $0.02
*** HOLE CARDS ***
Dealt to Dorex2007 [2c 9h]
Dorex2007: folds 
Respect988: folds 
Mavidat: raises $0.10 to $0.12
realmadrid18win: folds 
hesc a.: folds 
monstrrrik: folds 
frosa9397: folds 
Uncalled bet ($0.10) returned to Mavidat
Mavidat collected $0.05 from pot
Mavidat: doesn't show hand 
*** SUMMARY ***
Total pot $0.05 | Rake $0 
Seat 1: Respect988 folded before Flop (didn't bet)
Seat 2: Mavidat collected ($0.05)
Seat 3: realmadrid18win folded before Flop (didn't bet)
Seat 4: hesc a. (button) folded before Flop (didn't bet)
Seat 7: monstrrrik (small blind) folded before Flop
Seat 8: frosa9397 (big blind) folded before Flop
Seat 9: Dorex2007 folded before Flop (didn't bet)



PokerStars Hand #232794983718:  Hold'em No Limit ($0.01/$0.02 USD) - 2022/01/03 16:23:26 PT [2022/01/03 19:23:26 ET]
Table 'Kriemhild IV' 9-max Seat #7 is the button
Seat 1: Respect988 ($1.91 in chips) 
Seat 2: Mavidat ($2.29 in chips) 
Seat 3: realmadrid18win ($0.31 in chips) 
Seat 4: hesc a. ($0.68 in chips) 
Seat 5: agustin10442 ($0.80 in chips) 
Seat 7: monstrrrik ($2.31 in chips) 
Seat 8: frosa9397 ($1.49 in chips) 
Seat 9: Dorex2007 ($2.07 in chips) 
frosa9397: posts small blind $0.01
Dorex2007: posts big blind $0.02
agustin10442: posts big blind $0.02
*** HOLE CARDS ***
Dealt to Dorex2007 [5h 9s]
Respect988: folds 
Mavidat: folds 
realmadrid18win: folds 
hesc a.: folds 
agustin10442: checks 
monstrrrik: folds 
frosa9397: folds 
Dorex2007: checks 
*** FLOP *** [Qh 8s Kh]
Dorex2007: checks 
agustin10442: bets $0.03
Dorex2007: folds 
Uncalled bet ($0.03) returned to agustin10442
agustin10442 collected $0.05 from pot
*** SUMMARY ***
Total pot $0.05 | Rake $0 
Board [Qh 8s Kh]
Seat 1: Respect988 folded before Flop (didn't bet)
Seat 2: Mavidat folded before Flop (didn't bet)
Seat 3: realmadrid18win folded before Flop (didn't bet)
Seat 4: hesc a. folded before Flop (didn't bet)
Seat 5: agustin10442 collected ($0.05)
Seat 7: monstrrrik (button) folded before Flop (didn't bet)
Seat 8: frosa9397 (small blind) folded before Flop
Seat 9: Dorex2007 (big blind) folded on the Flop



PokerStars Hand #232795003081:  Hold'em No Limit ($0.01/$0.02 USD) - 2022/01/03 16:24:07 PT [2022/01/03 19:24:07 ET]
Table 'Kriemhild IV' 9-max Seat #8 is the button
Seat 1: Respect988 ($1.91 in chips) 
Seat 2: Mavidat ($2.29 in chips) 
Seat 3: realmadrid18win ($0.31 in chips) 
Seat 4: hesc a. ($0.68 in chips) 
Seat 5: agustin10442 ($0.83 in chips) 
Seat 7: monstrrrik ($2.31 in chips) 
Seat 8: frosa9397 ($1.48 in chips) 
Seat 9: Dorex2007 ($2.05 in chips) 
Dorex2007: posts small blind $0.01
Respect988: posts big blind $0.02
Pepono101: sits out 
*** HOLE CARDS ***
Dealt to Dorex2007 [Qh 3d]
Mavidat: folds 
realmadrid18win: folds 
hesc a.: folds 
agustin10442: calls $0.02
monstrrrik: folds 
frosa9397: folds 
Dorex2007: folds 
Respect988: checks 
*** FLOP *** [9h 4h 4c]
Respect988: checks 
agustin10442: bets $0.02
Respect988: folds 
Uncalled bet ($0.02) returned to agustin10442
agustin10442 collected $0.05 from pot
*** SUMMARY ***
Total pot $0.05 | Rake $0 
Board [9h 4h 4c]
Seat 1: Respect988 (big blind) folded on the Flop
Seat 2: Mavidat folded before Flop (didn't bet)
Seat 3: realmadrid18win folded before Flop (didn't bet)
Seat 4: hesc a. folded before Flop (didn't bet)
Seat 5: agustin10442 collected ($0.05)
Seat 7: monstrrrik folded before Flop (didn't bet)
Seat 8: frosa9397 (button) folded before Flop (didn't bet)
Seat 9: Dorex2007 (small blind) folded before Flop



PokerStars Hand #232795016446:  Hold'em No Limit ($0.01/$0.02 USD) - 2022/01/03 16:24:42 PT [2022/01/03 19:24:42 ET]
Table 'Kriemhild IV' 9-max Seat #9 is the button
Seat 1: Respect988 ($1.89 in chips) 
Seat 2: Mavidat ($2.29 in chips) 
Seat 3: realmadrid18win ($0.31 in chips) 
Seat 4: hesc a. ($0.68 in chips) 
Seat 5: agustin10442 ($0.86 in chips) 
Seat 7: monstrrrik ($2.31 in chips) 
Seat 8: frosa9397 ($1.48 in chips) 
Seat 9: Dorex2007 ($2.04 in chips) 
Respect988: posts small blind $0.01
Mavidat: posts big blind $0.02
Pepono101: sits out 
*** HOLE CARDS ***
Dealt to Dorex2007 [9h 8h]
realmadrid18win: folds 
hesc a.: folds 
agustin10442: folds 
monstrrrik: folds 
frosa9397: folds 
Dorex2007: folds 
Respect988: raises $0.06 to $0.08
Mavidat: raises $0.16 to $0.24
Respect988: raises $0.46 to $0.70
Mavidat: raises $1.59 to $2.29 and is all-in
Respect988: folds 
Uncalled bet ($1.59) returned to Mavidat
Mavidat collected $1.40 from pot
Mavidat: doesn't show hand 
*** SUMMARY ***
Total pot $1.40 | Rake $0 
Seat 1: Respect988 (small blind) folded before Flop
Seat 2: Mavidat (big blind) collected ($1.40)
Seat 3: realmadrid18win folded before Flop (didn't bet)
Seat 4: hesc a. folded before Flop (didn't bet)
Seat 5: agustin10442 folded before Flop (didn't bet)
Seat 7: monstrrrik folded before Flop (didn't bet)
Seat 8: frosa9397 folded before Flop (didn't bet)
Seat 9: Dorex2007 (button) folded before Flop (didn't bet)



PokerStars Hand #232795046284:  Hold'em No Limit ($0.01/$0.02 USD) - 2022/01/03 16:25:41 PT [2022/01/03 19:25:41 ET]
Table 'Kriemhild IV' 9-max Seat #1 is the button
Seat 1: Respect988 ($1.19 in chips) 
Seat 2: Mavidat ($2.99 in chips) 
Seat 3: realmadrid18win ($0.31 in chips) 
Seat 4: hesc a. ($0.68 in chips) 
Seat 5: agustin10442 ($0.86 in chips) 
Seat 6: Pepono101 ($1.38 in chips) 
Seat 7: monstrrrik ($2.31 in chips) 
Seat 8: frosa9397 ($1.48 in chips) 
Seat 9: Dorex2007 ($2.04 in chips) 
Mavidat: posts small blind $0.01
realmadrid18win: posts big blind $0.02
Pepono101: posts small & big blinds $0.03
*** HOLE CARDS ***
Dealt to Dorex2007 [5s 2s]
hesc a.: folds 
agustin10442: folds 
realmadrid18win said, "nice bluff"
Pepono101: checks 
monstrrrik: folds 
frosa9397: calls $0.02
Dorex2007: folds 
Respect988: folds 
Mavidat: calls $0.01
realmadrid18win: checks 
*** FLOP *** [5h 9c 8h]
Mavidat: checks 
realmadrid18win: checks 
Pepono101: bets $0.09
frosa9397: folds 
Mavidat: folds 
realmadrid18win: calls $0.09
*** TURN *** [5h 9c 8h] [6d]
realmadrid18win: bets $0.20 and is all-in
Pepono101: calls $0.20
*** RIVER *** [5h 9c 8h 6d] [4c]
*** SHOW DOWN ***
realmadrid18win: shows [8s 7h] (a straight, Five to Nine)
Pepono101: shows [Jh 9h] (a pair of Nines)
realmadrid18win cashed out the hand for $0.50 | Cash Out Fee $0.01
*** SUMMARY ***
Total pot $0.67 | Rake $0.02 
Board [5h 9c 8h 6d 4c]
Seat 1: Respect988 (button) folded before Flop (didn't bet)
Seat 2: Mavidat (small blind) folded on the Flop
Seat 3: realmadrid18win (big blind) showed [8s 7h] and won ($0.65) with a straight, Five to Nine (pot not awarded as player cashed out)
Seat 4: hesc a. folded before Flop (didn't bet)
Seat 5: agustin10442 folded before Flop (didn't bet)
Seat 6: Pepono101 showed [Jh 9h] and lost with a pair of Nines
Seat 7: monstrrrik folded before Flop (didn't bet)
Seat 8: frosa9397 folded on the Flop
Seat 9: Dorex2007 folded before Flop (didn't bet)



PokerStars Hand #232795072149:  Hold'em No Limit ($0.01/$0.02 USD) - 2022/01/03 16:26:48 PT [2022/01/03 19:26:48 ET]
Table 'Kriemhild IV' 9-max Seat #2 is the button
Seat 1: Respect988 ($1.19 in chips) 
Seat 2: Mavidat ($2.97 in chips) 
Seat 3: realmadrid18win ($0.50 in chips) 
Seat 4: hesc a. ($0.68 in chips) 
Seat 5: agustin10442 ($0.86 in chips) 
Seat 6: Pepono101 ($1.06 in chips) 
Seat 7: monstrrrik ($2.31 in chips) 
Seat 8: frosa9397 ($1.46 in chips) 
Seat 9: Dorex2007 ($2.04 in chips) 
realmadrid18win: posts small blind $0.01
hesc a.: posts big blind $0.02
*** HOLE CARDS ***
Dealt to Dorex2007 [Kd Kh]
agustin10442: folds 
Pepono101 has timed out
Pepono101: folds 
monstrrrik: folds 
frosa9397: folds 
Dorex2007: raises $0.04 to $0.06
Respect988: folds 
Mavidat: folds 
realmadrid18win: folds 
hesc a.: calls $0.04
*** FLOP *** [2c Qh 3s]
hesc a.: checks 
Dorex2007: bets $0.13
hesc a.: calls $0.13
*** TURN *** [2c Qh 3s] [Jc]
hesc a.: bets $0.49 and is all-in
Dorex2007: calls $0.49
*** RIVER *** [2c Qh 3s Jc] [8d]
*** SHOW DOWN ***
hesc a.: shows [Jd Qc] (two pair, Queens and Jacks)
Dorex2007: shows [Kd Kh] (a pair of Kings)
hesc a. collected $1.32 from pot
Dorex2007 cashed out the hand for $0.23
*** SUMMARY ***
Total pot $1.37 | Rake $0.05 
Board [2c Qh 3s Jc 8d]
Seat 1: Respect988 folded before Flop (didn't bet)
Seat 2: Mavidat (button) folded before Flop (didn't bet)
Seat 3: realmadrid18win (small blind) folded before Flop
Seat 4: hesc a. (big blind) showed [Jd Qc] and won ($1.32) with two pair, Queens and Jacks
Seat 5: agustin10442 folded before Flop (didn't bet)
Seat 6: Pepono101 folded before Flop (didn't bet)
Seat 7: monstrrrik folded before Flop (didn't bet)
Seat 8: frosa9397 folded before Flop (didn't bet)
Seat 9: Dorex2007 showed [Kd Kh] and lost with a pair of Kings (cashed out).



PokerStars Hand #232795094002:  Hold'em No Limit ($0.01/$0.02 USD) - 2022/01/03 16:27:45 PT [2022/01/03 19:27:45 ET]
Table 'Kriemhild IV' 9-max Seat #3 is the button
Seat 1: Respect988 ($1.19 in chips) 
Seat 2: Mavidat ($2.97 in chips) 
Seat 3: realmadrid18win ($0.49 in chips) 
Seat 4: hesc a. ($1.32 in chips) 
Seat 5: agustin10442 ($0.86 in chips) 
Seat 6: Pepono101 ($1.06 in chips) 
Seat 7: monstrrrik ($2.31 in chips) 
Seat 8: frosa9397 ($1.46 in chips) 
Seat 9: Dorex2007 ($2 in chips) 
hesc a.: posts small blind $0.01
agustin10442: posts big blind $0.02
*** HOLE CARDS ***
Dealt to Dorex2007 [3d Td]
Pepono101: folds 
monstrrrik: folds 
frosa9397: raises $0.05 to $0.07
Dorex2007: folds 
Respect988: calls $0.07
Mavidat: folds 
realmadrid18win: folds 
hesc a.: calls $0.06
agustin10442 has timed out
agustin10442: folds 
*** FLOP *** [4d 2c Qh]
hesc a.: checks 
frosa9397: checks 
Respect988: bets $0.10
hesc a.: calls $0.10
frosa9397: folds 
*** TURN *** [4d 2c Qh] [2h]
hesc a.: bets $0.10
Respect988: folds 
Uncalled bet ($0.10) returned to hesc a.
hesc a. collected $0.41 from pot
hesc a.: doesn't show hand 
*** SUMMARY ***
Total pot $0.43 | Rake $0.02 
Board [4d 2c Qh 2h]
Seat 1: Respect988 folded on the Turn
Seat 2: Mavidat folded before Flop (didn't bet)
Seat 3: realmadrid18win (button) folded before Flop (didn't bet)
Seat 4: hesc a. (small blind) collected ($0.41)
Seat 5: agustin10442 (big blind) folded before Flop
Seat 6: Pepono101 folded before Flop (didn't bet)
Seat 7: monstrrrik folded before Flop (didn't bet)
Seat 8: frosa9397 folded on the Flop
Seat 9: Dorex2007 folded before Flop (didn't bet)



PokerStars Hand #232795132855:  Hold'em No Limit ($0.01/$0.02 USD) - 2022/01/03 16:29:27 PT [2022/01/03 19:29:27 ET]
Table 'Kriemhild IV' 9-max Seat #4 is the button
Seat 1: Respect988 ($1.02 in chips) 
Seat 2: Mavidat ($2.97 in chips) 
Seat 3: realmadrid18win ($0.49 in chips) 
Seat 4: hesc a. ($1.56 in chips) 
Seat 6: Pepono101 ($1.06 in chips) 
Seat 7: monstrrrik ($2.31 in chips) 
Seat 8: frosa9397 ($1.39 in chips) 
Seat 9: Dorex2007 ($2 in chips) 
Pepono101: posts small blind $0.01
monstrrrik: posts big blind $0.02
*** HOLE CARDS ***
Dealt to Dorex2007 [Qs Js]
frosa9397: calls $0.02
Dorex2007: calls $0.02
Respect988: folds 
Mavidat: calls $0.02
realmadrid18win: folds 
hesc a.: folds 
Pepono101 is disconnected 
Pepono101 has timed out while disconnected
Pepono101: folds 
monstrrrik: checks 
*** FLOP *** [3c 6c Jd]
monstrrrik: checks 
frosa9397: bets $0.06
Dorex2007: calls $0.06
Mavidat: folds 
monstrrrik: folds 
*** TURN *** [3c 6c Jd] [4h]
frosa9397: checks 
Dorex2007: checks 
*** RIVER *** [3c 6c Jd 4h] [Kc]
frosa9397: bets $0.10
Dorex2007: calls $0.10
*** SHOW DOWN ***
frosa9397: shows [9c Ac] (a flush, Ace high)
Dorex2007: mucks hand 
frosa9397 collected $0.40 from pot
*** SUMMARY ***
Total pot $0.41 | Rake $0.01 
Board [3c 6c Jd 4h Kc]
Seat 1: Respect988 folded before Flop (didn't bet)
Seat 2: Mavidat folded on the Flop
Seat 3: realmadrid18win folded before Flop (didn't bet)
Seat 4: hesc a. (button) folded before Flop (didn't bet)
Seat 6: Pepono101 (small blind) folded before Flop
Seat 7: monstrrrik (big blind) folded on the Flop
Seat 8: frosa9397 showed [9c Ac] and won ($0.40) with a flush, Ace high
Seat 9: Dorex2007 mucked [Qs Js]



PokerStars Hand #232795165333:  Hold'em No Limit ($0.01/$0.02 USD) - 2022/01/03 16:30:52 PT [2022/01/03 19:30:52 ET]
Table 'Kriemhild IV' 9-max Seat #7 is the button
Seat 1: Respect988 ($1.02 in chips) 
Seat 2: Mavidat ($2.95 in chips) 
Seat 3: realmadrid18win ($0.49 in chips) 
Seat 4: hesc a. ($1.56 in chips) 
Seat 7: monstrrrik ($2.29 in chips) 
Seat 8: frosa9397 ($1.61 in chips) 
Seat 9: Dorex2007 ($2 in chips) 
frosa9397: posts small blind $0.01
Dorex2007: posts big blind $0.02
*** HOLE CARDS ***
Dealt to Dorex2007 [8d 5d]
Respect988: folds 
Respect988 leaves the table
Mavidat: folds 
realmadrid18win: folds 
hesc a.: folds 
monstrrrik: folds 
frosa9397: folds 
Uncalled bet ($0.01) returned to Dorex2007
Dorex2007 collected $0.02 from pot
Dorex2007: doesn't show hand 
*** SUMMARY ***
Total pot $0.02 | Rake $0 
Seat 1: Respect988 folded before Flop (didn't bet)
Seat 2: Mavidat folded before Flop (didn't bet)
Seat 3: realmadrid18win folded before Flop (didn't bet)
Seat 4: hesc a. folded before Flop (didn't bet)
Seat 7: monstrrrik (button) folded before Flop (didn't bet)
Seat 8: frosa9397 (small blind) folded before Flop
Seat 9: Dorex2007 (big blind) collected ($0.02)



PokerStars Hand #232795174732:  Hold'em No Limit ($0.01/$0.02 USD) - 2022/01/03 16:31:06 PT [2022/01/03 19:31:06 ET]
Table 'Kriemhild IV' 9-max Seat #8 is the button
Seat 2: Mavidat ($2.95 in chips) 
Seat 3: realmadrid18win ($0.49 in chips) 
Seat 4: hesc a. ($1.56 in chips) 
Seat 7: monstrrrik ($2.29 in chips) 
Seat 8: frosa9397 ($1.60 in chips) 
Seat 9: Dorex2007 ($2.01 in chips) 
Dorex2007: posts small blind $0.01
Mavidat: posts big blind $0.02
*** HOLE CARDS ***
Dealt to Dorex2007 [Qd 5d]
realmadrid18win: folds 
hesc a.: folds 
monstrrrik: folds 
frosa9397: folds 
Dorex2007: folds 
Uncalled bet ($0.01) returned to Mavidat
Mavidat collected $0.02 from pot
Mavidat: doesn't show hand 
*** SUMMARY ***
Total pot $0.02 | Rake $0 
Seat 2: Mavidat (big blind) collected ($0.02)
Seat 3: realmadrid18win folded before Flop (didn't bet)
Seat 4: hesc a. folded before Flop (didn't bet)
Seat 7: monstrrrik folded before Flop (didn't bet)
Seat 8: frosa9397 (button) folded before Flop (didn't bet)
Seat 9: Dorex2007 (small blind) folded before Flop



PokerStars Hand #232795178885:  Hold'em No Limit ($0.01/$0.02 USD) - 2022/01/03 16:31:17 PT [2022/01/03 19:31:17 ET]
Table 'Kriemhild IV' 9-max Seat #9 is the button
Seat 2: Mavidat ($2.96 in chips) 
Seat 3: realmadrid18win ($0.49 in chips) 
Seat 4: hesc a. ($1.56 in chips) 
Seat 7: monstrrrik ($2.29 in chips) 
Seat 8: frosa9397 ($1.60 in chips) 
Seat 9: Dorex2007 ($2 in chips) 
Mavidat: posts small blind $0.01
realmadrid18win: posts big blind $0.02
*** HOLE CARDS ***
Dealt to Dorex2007 [8d Qh]
hesc a.: folds 
monstrrrik: folds 
frosa9397: folds 
Dorex2007: raises $0.04 to $0.06
Mavidat: calls $0.05
realmadrid18win: folds 
*** FLOP *** [Kh 3c 7c]
Mavidat: checks 
Dorex2007: checks 
*** TURN *** [Kh 3c 7c] [2h]
Mavidat: checks 
Dorex2007: checks 
*** RIVER *** [Kh 3c 7c 2h] [7s]
Mavidat: checks 
Dorex2007: bets $0.14
Mavidat: folds 
Uncalled bet ($0.14) returned to Dorex2007
Dorex2007 collected $0.14 from pot
Dorex2007: doesn't show hand 
*** SUMMARY ***
Total pot $0.14 | Rake $0 
Board [Kh 3c 7c 2h 7s]
Seat 2: Mavidat (small blind) folded on the River
Seat 3: realmadrid18win (big blind) folded before Flop
Seat 4: hesc a. folded before Flop (didn't bet)
Seat 7: monstrrrik folded before Flop (didn't bet)
Seat 8: frosa9397 folded before Flop (didn't bet)
Seat 9: Dorex2007 (button) collected ($0.14)



PokerStars Hand #232795195972:  Hold'em No Limit ($0.01/$0.02 USD) - 2022/01/03 16:32:02 PT [2022/01/03 19:32:02 ET]
Table 'Kriemhild IV' 9-max Seat #2 is the button
Seat 2: Mavidat ($2.90 in chips) 
Seat 3: realmadrid18win ($0.47 in chips) 
Seat 4: hesc a. ($1.56 in chips) 
Seat 5: agustin10442 ($0.84 in chips) 
Seat 6: Pepono101 ($1.05 in chips) 
Seat 7: monstrrrik ($2.29 in chips) 
Seat 8: frosa9397 ($1.60 in chips) 
Seat 9: Dorex2007 ($2.08 in chips) 
realmadrid18win: posts small blind $0.01
hesc a.: posts big blind $0.02
agustin10442: posts small blind $0.01
*** HOLE CARDS ***
Dealt to Dorex2007 [7h Jc]
agustin10442: folds 
Pepono101 has timed out
Pepono101: folds 
monstrrrik: raises $0.06 to $0.08
frosa9397: folds 
Dorex2007: folds 
Mavidat: folds 
realmadrid18win: folds 
hesc a.: folds 
Uncalled bet ($0.06) returned to monstrrrik
monstrrrik collected $0.06 from pot
monstrrrik: doesn't show hand 
*** SUMMARY ***
Total pot $0.06 | Rake $0 
Seat 2: Mavidat (button) folded before Flop (didn't bet)
Seat 3: realmadrid18win (small blind) folded before Flop
Seat 4: hesc a. (big blind) folded before Flop
Seat 5: agustin10442 folded before Flop (didn't bet)
Seat 6: Pepono101 folded before Flop (didn't bet)
Seat 7: monstrrrik collected ($0.06)
Seat 8: frosa9397 folded before Flop (didn't bet)
Seat 9: Dorex2007 folded before Flop (didn't bet)



PokerStars Hand #232795210647:  Hold'em No Limit ($0.01/$0.02 USD) - 2022/01/03 16:32:40 PT [2022/01/03 19:32:40 ET]
Table 'Kriemhild IV' 9-max Seat #3 is the button
Seat 2: Mavidat ($2.90 in chips) 
Seat 3: realmadrid18win ($0.46 in chips) 
Seat 4: hesc a. ($1.54 in chips) 
Seat 5: agustin10442 ($0.83 in chips) 
Seat 6: Pepono101 ($1.05 in chips) 
Seat 7: monstrrrik ($2.33 in chips) 
Seat 8: frosa9397 ($1.60 in chips) 
Seat 9: Dorex2007 ($2.08 in chips) 
hesc a.: posts small blind $0.01
agustin10442: posts big blind $0.02
*** HOLE CARDS ***
Dealt to Dorex2007 [5c 8s]
Rumagistr joins the table at seat #1 
Pepono101: folds 
monstrrrik: folds 
frosa9397: folds 
Dorex2007: folds 
Mavidat: folds 
realmadrid18win: folds 
hesc a.: calls $0.01
agustin10442: raises $0.04 to $0.06
hesc a.: folds 
Uncalled bet ($0.04) returned to agustin10442
agustin10442 collected $0.04 from pot
*** SUMMARY ***
Total pot $0.04 | Rake $0 
Seat 2: Mavidat folded before Flop (didn't bet)
Seat 3: realmadrid18win (button) folded before Flop (didn't bet)
Seat 4: hesc a. (small blind) folded before Flop
Seat 5: agustin10442 (big blind) collected ($0.04)
Seat 6: Pepono101 folded before Flop (didn't bet)
Seat 7: monstrrrik folded before Flop (didn't bet)
Seat 8: frosa9397 folded before Flop (didn't bet)
Seat 9: Dorex2007 folded before Flop (didn't bet)



PokerStars Hand #232795222326:  Hold'em No Limit ($0.01/$0.02 USD) - 2022/01/03 16:33:11 PT [2022/01/03 19:33:11 ET]
Table 'Kriemhild IV' 9-max Seat #4 is the button
Seat 2: Mavidat ($2.90 in chips) 
Seat 3: realmadrid18win ($0.46 in chips) 
Seat 4: hesc a. ($1.52 in chips) 
Seat 5: agustin10442 ($0.85 in chips) 
Seat 6: Pepono101 ($1.05 in chips) 
Seat 7: monstrrrik ($2.33 in chips) 
Seat 8: frosa9397 ($1.60 in chips) 
Seat 9: Dorex2007 ($2.08 in chips) 
agustin10442: posts small blind $0.01
Pepono101: posts big blind $0.02
Rumagistr: sits out 
*** HOLE CARDS ***
Dealt to Dorex2007 [Jh 9c]
monstrrrik: folds 
frosa9397: calls $0.02
Dorex2007: folds 
Mavidat: folds 
realmadrid18win: folds 
hesc a.: folds 
agustin10442: calls $0.01
Pepono101: checks 
*** FLOP *** [Qc Tc 5d]
agustin10442: checks 
Pepono101: checks 
frosa9397: bets $0.03
agustin10442: folds 
Pepono101: folds 
Uncalled bet ($0.03) returned to frosa9397
frosa9397 collected $0.06 from pot
frosa9397: doesn't show hand 
*** SUMMARY ***
Total pot $0.06 | Rake $0 
Board [Qc Tc 5d]
Seat 2: Mavidat folded before Flop (didn't bet)
Seat 3: realmadrid18win folded before Flop (didn't bet)
Seat 4: hesc a. (button) folded before Flop (didn't bet)
Seat 5: agustin10442 (small blind) folded on the Flop
Seat 6: Pepono101 (big blind) folded on the Flop
Seat 7: monstrrrik folded before Flop (didn't bet)
Seat 8: frosa9397 collected ($0.06)
Seat 9: Dorex2007 folded before Flop (didn't bet)



PokerStars Hand #232795242932:  Hold'em No Limit ($0.01/$0.02 USD) - 2022/01/03 16:34:06 PT [2022/01/03 19:34:06 ET]
Table 'Kriemhild IV' 9-max Seat #5 is the button
Seat 2: Mavidat ($2.90 in chips) 
Seat 3: realmadrid18win ($0.46 in chips) 
Seat 4: hesc a. ($1.52 in chips) 
Seat 5: agustin10442 ($0.83 in chips) 
Seat 6: Pepono101 ($1.03 in chips) 
Seat 7: monstrrrik ($2.33 in chips) 
Seat 8: frosa9397 ($1.64 in chips) 
Seat 9: Dorex2007 ($2.08 in chips) 
Pepono101: posts small blind $0.01
monstrrrik: posts big blind $0.02
Rumagistr: sits out 
*** HOLE CARDS ***
Dealt to Dorex2007 [6s 6c]
frosa9397 has timed out
frosa9397: folds 
Dorex2007: folds 
Mavidat: calls $0.02
realmadrid18win: folds 
hesc a.: folds 
agustin10442: calls $0.02
Pepono101: raises $0.08 to $0.10
monstrrrik: folds 
Mavidat: calls $0.08
agustin10442: folds 
*** FLOP *** [Qs 7s 9h]
Rumagistr leaves the table
Pepono101: bets $0.11
Mavidat: calls $0.11
*** TURN *** [Qs 7s 9h] [5h]
fjmuller joins the table at seat #1 
Pepono101: bets $0.30
Mavidat: folds 
Uncalled bet ($0.30) returned to Pepono101
Pepono101 collected $0.44 from pot
*** SUMMARY ***
Total pot $0.46 | Rake $0.02 
Board [Qs 7s 9h 5h]
Seat 2: Mavidat folded on the Turn
Seat 3: realmadrid18win folded before Flop (didn't bet)
Seat 4: hesc a. folded before Flop (didn't bet)
Seat 5: agustin10442 (button) folded before Flop
Seat 6: Pepono101 (small blind) collected ($0.44)
Seat 7: monstrrrik (big blind) folded before Flop
Seat 8: frosa9397 folded before Flop (didn't bet)
Seat 9: Dorex2007 folded before Flop (didn't bet)



PokerStars Hand #232795268257:  Hold'em No Limit ($0.01/$0.02 USD) - 2022/01/03 16:35:14 PT [2022/01/03 19:35:14 ET]
Table 'Kriemhild IV' 9-max Seat #6 is the button
Seat 2: Mavidat ($2.69 in chips) 
Seat 3: realmadrid18win ($0.46 in chips) 
Seat 4: hesc a. ($1.52 in chips) 
Seat 5: agustin10442 ($0.81 in chips) 
Seat 6: Pepono101 ($1.26 in chips) 
Seat 7: monstrrrik ($2.31 in chips) 
Seat 9: Dorex2007 ($2.08 in chips) 
monstrrrik: posts small blind $0.01
Dorex2007: posts big blind $0.02
*** HOLE CARDS ***
Dealt to Dorex2007 [Th 6c]
Mavidat: folds 
realmadrid18win: raises $0.04 to $0.06
hesc a.: folds 
agustin10442: raises $0.75 to $0.81 and is all-in
Pepono101: folds 
monstrrrik: folds 
Dorex2007: folds 
realmadrid18win: folds 
Uncalled bet ($0.75) returned to agustin10442
agustin10442 collected $0.15 from pot
*** SUMMARY ***
Total pot $0.15 | Rake $0 
Seat 2: Mavidat folded before Flop (didn't bet)
Seat 3: realmadrid18win folded before Flop
Seat 4: hesc a. folded before Flop (didn't bet)
Seat 5: agustin10442 collected ($0.15)
Seat 6: Pepono101 (button) folded before Flop (didn't bet)
Seat 7: monstrrrik (small blind) folded before Flop
Seat 9: Dorex2007 (big blind) folded before Flop



PokerStars Hand #232795278087:  Hold'em No Limit ($0.01/$0.02 USD) - 2022/01/03 16:35:40 PT [2022/01/03 19:35:40 ET]
Table 'Kriemhild IV' 9-max Seat #7 is the button
Seat 2: Mavidat ($2.69 in chips) 
Seat 3: realmadrid18win ($0.40 in chips) 
Seat 4: hesc a. ($1.52 in chips) 
Seat 5: agustin10442 ($0.90 in chips) 
Seat 6: Pepono101 ($1.26 in chips) 
Seat 7: monstrrrik ($2.30 in chips) 
Seat 9: Dorex2007 ($2.06 in chips) 
Dorex2007: posts small blind $0.01
Mavidat: posts big blind $0.02
*** HOLE CARDS ***
Dealt to Dorex2007 [2d 7s]
realmadrid18win: folds 
hesc a.: folds 
agustin10442: calls $0.02
Pepono101 has timed out
Pepono101: folds 
monstrrrik: raises $0.07 to $0.09
Dorex2007: folds 
Mavidat: folds 
agustin10442: calls $0.07
*** FLOP *** [Ts 6s 8c]
agustin10442: checks 
Pepono101 is disconnected 
monstrrrik: bets $0.15
agustin10442: folds 
Uncalled bet ($0.15) returned to monstrrrik
monstrrrik collected $0.20 from pot
monstrrrik: doesn't show hand 
*** SUMMARY ***
Total pot $0.21 | Rake $0.01 
Board [Ts 6s 8c]
Seat 2: Mavidat (big blind) folded before Flop
Seat 3: realmadrid18win folded before Flop (didn't bet)
Seat 4: hesc a. folded before Flop (didn't bet)
Seat 5: agustin10442 folded on the Flop
Seat 6: Pepono101 folded before Flop (didn't bet)
Seat 7: monstrrrik (button) collected ($0.20)
Seat 9: Dorex2007 (small blind) folded before Flop



PokerStars Hand #232795296273:  Hold'em No Limit ($0.01/$0.02 USD) - 2022/01/03 16:36:29 PT [2022/01/03 19:36:29 ET]
Table 'Kriemhild IV' 9-max Seat #9 is the button
Seat 2: Mavidat ($2.67 in chips) 
Seat 3: realmadrid18win ($0.40 in chips) 
Seat 4: hesc a. ($1.52 in chips) 
Seat 5: agustin10442 ($0.81 in chips) 
Seat 7: monstrrrik ($2.41 in chips) 
Seat 9: Dorex2007 ($2.05 in chips) 
Mavidat: posts small blind $0.01
realmadrid18win: posts big blind $0.02
*** HOLE CARDS ***
Dealt to Dorex2007 [2d 5h]
hesc a.: folds 
agustin10442: folds 
monstrrrik: raises $0.05 to $0.07
Dorex2007: folds 
Mavidat: folds 
realmadrid18win: folds 
Uncalled bet ($0.05) returned to monstrrrik
monstrrrik collected $0.05 from pot
monstrrrik: doesn't show hand 
*** SUMMARY ***
Total pot $0.05 | Rake $0 
Seat 2: Mavidat (small blind) folded before Flop
Seat 3: realmadrid18win (big blind) folded before Flop
Seat 4: hesc a. folded before Flop (didn't bet)
Seat 5: agustin10442 folded before Flop (didn't bet)
Seat 7: monstrrrik collected ($0.05)
Seat 9: Dorex2007 (button) folded before Flop (didn't bet)



PokerStars Hand #232795304381:  Hold'em No Limit ($0.01/$0.02 USD) - 2022/01/03 16:36:51 PT [2022/01/03 19:36:51 ET]
Table 'Kriemhild IV' 9-max Seat #2 is the button
Seat 1: fjmuller ($1.60 in chips) 
Seat 2: Mavidat ($2.66 in chips) 
Seat 3: realmadrid18win ($0.38 in chips) 
Seat 4: hesc a. ($1.52 in chips) 
Seat 5: agustin10442 ($0.81 in chips) 
Seat 7: monstrrrik ($2.44 in chips) 
Seat 9: Dorex2007 ($2.05 in chips) 
realmadrid18win: posts small blind $0.01
hesc a.: posts big blind $0.02
fjmuller: posts big blind $0.02
*** HOLE CARDS ***
Dealt to Dorex2007 [5s 5h]
agustin10442: folds 
monstrrrik: folds 
Dorex2007: calls $0.02
fjmuller: checks 
Mavidat: folds 
realmadrid18win: calls $0.01
hesc a.: checks 
*** FLOP *** [Ks Kh Td]
realmadrid18win: checks 
hesc a.: checks 
Dorex2007: checks 
fjmuller: bets $0.02
realmadrid18win: folds 
hesc a.: folds 
Dorex2007: folds 
Uncalled bet ($0.02) returned to fjmuller
fjmuller collected $0.08 from pot
fjmuller: doesn't show hand 
*** SUMMARY ***
Total pot $0.08 | Rake $0 
Board [Ks Kh Td]
Seat 1: fjmuller collected ($0.08)
Seat 2: Mavidat (button) folded before Flop (didn't bet)
Seat 3: realmadrid18win (small blind) folded on the Flop
Seat 4: hesc a. (big blind) folded on the Flop
Seat 5: agustin10442 folded before Flop (didn't bet)
Seat 7: monstrrrik folded before Flop (didn't bet)
Seat 9: Dorex2007 folded on the Flop



PokerStars Hand #232795316494:  Hold'em No Limit ($0.01/$0.02 USD) - 2022/01/03 16:37:23 PT [2022/01/03 19:37:23 ET]
Table 'Kriemhild IV' 9-max Seat #3 is the button
Seat 1: fjmuller ($1.66 in chips) 
Seat 2: Mavidat ($2.66 in chips) 
Seat 3: realmadrid18win ($0.36 in chips) 
Seat 4: hesc a. ($1.50 in chips) 
Seat 5: agustin10442 ($0.81 in chips) 
Seat 7: monstrrrik ($2.44 in chips) 
Seat 9: Dorex2007 ($2.03 in chips) 
hesc a.: posts small blind $0.01
agustin10442: posts big blind $0.02
*** HOLE CARDS ***
Dealt to Dorex2007 [Ad Th]
monstrrrik: folds 
Dorex2007 has timed out
Dorex2007: folds 
fjmuller: folds 
Mavidat: raises $0.02 to $0.04
realmadrid18win: folds 
hesc a.: calls $0.03
agustin10442: folds 
*** FLOP *** [Ac 2d Ts]
hesc a.: checks 
Mavidat: checks 
*** TURN *** [Ac 2d Ts] [5c]
hesc a.: checks 
Mavidat: bets $0.10
hesc a.: folds 
Uncalled bet ($0.10) returned to Mavidat
Mavidat collected $0.10 from pot
Mavidat: doesn't show hand 
*** SUMMARY ***
Total pot $0.10 | Rake $0 
Board [Ac 2d Ts 5c]
Seat 1: fjmuller folded before Flop (didn't bet)
Seat 2: Mavidat collected ($0.10)
Seat 3: realmadrid18win (button) folded before Flop (didn't bet)
Seat 4: hesc a. (small blind) folded on the Turn
Seat 5: agustin10442 (big blind) folded before Flop
Seat 7: monstrrrik folded before Flop (didn't bet)
Seat 9: Dorex2007 folded before Flop (didn't bet)



PokerStars Hand #232795329107:  Hold'em No Limit ($0.01/$0.02 USD) - 2022/01/03 16:37:58 PT [2022/01/03 19:37:58 ET]
Table 'Kriemhild IV' 9-max Seat #4 is the button
Seat 1: fjmuller ($1.66 in chips) 
Seat 2: Mavidat ($2.72 in chips) 
Seat 3: realmadrid18win ($0.36 in chips) 
Seat 4: hesc a. ($1.46 in chips) 
Seat 5: agustin10442 ($0.79 in chips) 
Seat 9: Dorex2007 ($2.03 in chips) 
agustin10442: posts small blind $0.01
monstrrrik: is sitting out 
monstrrrik leaves the table
Dorex2007: posts big blind $0.02
*** HOLE CARDS ***
Dealt to Dorex2007 [8s Ks]
fjmuller: folds 
Mavidat: folds 
realmadrid18win: folds 
hesc a.: folds 
agustin10442: calls $0.01
Dorex2007: checks 
*** FLOP *** [Kd 6h Ts]
agustin10442: checks 
Dorex2007: bets $0.04
agustin10442: folds 
Uncalled bet ($0.04) returned to Dorex2007
Dorex2007 collected $0.04 from pot
Dorex2007: doesn't show hand 
*** SUMMARY ***
Total pot $0.04 | Rake $0 
Board [Kd 6h Ts]
Seat 1: fjmuller folded before Flop (didn't bet)
Seat 2: Mavidat folded before Flop (didn't bet)
Seat 3: realmadrid18win folded before Flop (didn't bet)
Seat 4: hesc a. (button) folded before Flop (didn't bet)
Seat 5: agustin10442 (small blind) folded on the Flop
Seat 9: Dorex2007 (big blind) collected ($0.04)



PokerStars Hand #232795341231:  Hold'em No Limit ($0.01/$0.02 USD) - 2022/01/03 16:38:20 PT [2022/01/03 19:38:20 ET]
Table 'Kriemhild IV' 9-max Seat #5 is the button
Seat 1: fjmuller ($1.66 in chips) 
Seat 2: Mavidat ($2.72 in chips) 
Seat 3: realmadrid18win ($0.36 in chips) 
Seat 4: hesc a. ($1.46 in chips) 
Seat 5: agustin10442 ($0.77 in chips) 
Seat 9: Dorex2007 ($2.05 in chips) 
Dorex2007: posts small blind $0.01
fjmuller: posts big blind $0.02
*** HOLE CARDS ***
Dealt to Dorex2007 [9s 5s]
Mavidat: calls $0.02
realmadrid18win: folds 
hesc a.: calls $0.02
agustin10442: folds 
Dorex2007: folds 
fjmuller: checks 
*** FLOP *** [3s 5d Kd]
Cruccio.1 joins the table at seat #7 
fjmuller: checks 
Mavidat: checks 
hesc a.: bets $0.04
fjmuller: folds 
Mavidat: calls $0.04
*** TURN *** [3s 5d Kd] [7h]
Mavidat: checks 
hesc a.: checks 
*** RIVER *** [3s 5d Kd 7h] [Jd]
Mavidat: bets $0.30
hesc a.: folds 
Uncalled bet ($0.30) returned to Mavidat
Mavidat collected $0.14 from pot
Mavidat: doesn't show hand 
*** SUMMARY ***
Total pot $0.15 | Rake $0.01 
Board [3s 5d Kd 7h Jd]
Seat 1: fjmuller (big blind) folded on the Flop
Seat 2: Mavidat collected ($0.14)
Seat 3: realmadrid18win folded before Flop (didn't bet)
Seat 4: hesc a. folded on the River
Seat 5: agustin10442 (button) folded before Flop (didn't bet)
Seat 9: Dorex2007 (small blind) folded before Flop



PokerStars Hand #232795357748:  Hold'em No Limit ($0.01/$0.02 USD) - 2022/01/03 16:39:05 PT [2022/01/03 19:39:05 ET]
Table 'Kriemhild IV' 9-max Seat #9 is the button
Seat 1: fjmuller ($1.64 in chips) 
Seat 2: Mavidat ($2.80 in chips) 
Seat 3: realmadrid18win ($0.36 in chips) 
Seat 4: hesc a. ($1.40 in chips) 
Seat 5: agustin10442 ($0.77 in chips) 
Seat 9: Dorex2007 ($2.04 in chips) 
fjmuller: posts small blind $0.01
Mavidat: posts big blind $0.02
Cruccio.1: sits out 
*** HOLE CARDS ***
Dealt to Dorex2007 [9d Qd]
realmadrid18win: folds 
hesc a.: folds 
agustin10442 has timed out
agustin10442: folds 
Dorex2007: folds 
fjmuller: calls $0.01
Mavidat: checks 
*** FLOP *** [4s Qs 3c]
fjmuller: checks 
Mavidat: checks 
*** TURN *** [4s Qs 3c] [As]
fjmuller: checks 
Mavidat: checks 
*** RIVER *** [4s Qs 3c As] [2h]
fjmuller: checks 
Mavidat: bets $0.16
fjmuller: folds 
Uncalled bet ($0.16) returned to Mavidat
Mavidat collected $0.04 from pot
Mavidat: doesn't show hand 
*** SUMMARY ***
Total pot $0.04 | Rake $0 
Board [4s Qs 3c As 2h]
Seat 1: fjmuller (small blind) folded on the River
Seat 2: Mavidat (big blind) collected ($0.04)
Seat 3: realmadrid18win folded before Flop (didn't bet)
Seat 4: hesc a. folded before Flop (didn't bet)
Seat 5: agustin10442 folded before Flop (didn't bet)
Seat 9: Dorex2007 (button) folded before Flop (didn't bet)



PokerStars Hand #232795375882:  Hold'em No Limit ($0.01/$0.02 USD) - 2022/01/03 16:39:55 PT [2022/01/03 19:39:55 ET]
Table 'Kriemhild IV' 9-max Seat #1 is the button
Seat 1: fjmuller ($1.62 in chips) 
Seat 2: Mavidat ($2.82 in chips) 
Seat 3: realmadrid18win ($0.36 in chips) 
Seat 4: hesc a. ($1.40 in chips) 
Seat 5: agustin10442 ($0.77 in chips) 
Seat 7: Cruccio.1 ($1.01 in chips) 
Seat 8: frosa9397 ($1.64 in chips) 
Seat 9: Dorex2007 ($2.04 in chips) 
Mavidat: posts small blind $0.01
realmadrid18win: posts big blind $0.02
Cruccio.1: posts big blind $0.02
frosa9397: posts small & big blinds $0.03
*** HOLE CARDS ***
Dealt to Dorex2007 [2h Kc]
hesc a.: raises $0.08 to $0.10
agustin10442 has timed out
agustin10442: folds 
Cruccio.1: calls $0.08
frosa9397: folds 
Dorex2007: folds 
fjmuller: folds 
Mavidat: folds 
realmadrid18win: folds 
*** FLOP *** [Qd Ts 5d]
Mavidat leaves the table
hesc a.: checks 
Cruccio.1: bets $0.08
hesc a.: calls $0.08
*** TURN *** [Qd Ts 5d] [As]
hesc a.: checks 
Cruccio.1: bets $0.10
hesc a.: raises $1.12 to $1.22 and is all-in
Cruccio.1: folds 
Uncalled bet ($1.12) returned to hesc a.
hesc a. collected $0.60 from pot
hesc a.: doesn't show hand 
*** SUMMARY ***
Total pot $0.62 | Rake $0.02 
Board [Qd Ts 5d As]
Seat 1: fjmuller (button) folded before Flop (didn't bet)
Seat 2: Mavidat (small blind) folded before Flop
Seat 3: realmadrid18win (big blind) folded before Flop
Seat 4: hesc a. collected ($0.60)
Seat 5: agustin10442 folded before Flop (didn't bet)
Seat 7: Cruccio.1 folded on the Turn
Seat 8: frosa9397 folded before Flop (didn't bet)
Seat 9: Dorex2007 folded before Flop (didn't bet)



PokerStars Hand #232795401961:  Hold'em No Limit ($0.01/$0.02 USD) - 2022/01/03 16:41:03 PT [2022/01/03 19:41:03 ET]
Table 'Kriemhild IV' 9-max Seat #3 is the button
Seat 1: fjmuller ($1.62 in chips) 
Seat 3: realmadrid18win ($0.34 in chips) 
Seat 4: hesc a. ($1.72 in chips) 
Seat 5: agustin10442 ($0.77 in chips) 
Seat 7: Cruccio.1 ($0.73 in chips) 
Seat 8: frosa9397 ($1.61 in chips) 
Seat 9: Dorex2007 ($2.04 in chips) 
hesc a.: posts small blind $0.01
agustin10442: posts big blind $0.02
*** HOLE CARDS ***
Dealt to Dorex2007 [Ac Qc]
Cruccio.1: folds 
frosa9397: folds 
Dorex2007: calls $0.02
fjmuller: folds 
realmadrid18win: folds 
hesc a.: calls $0.01
agustin10442: checks 
*** FLOP *** [Ts Kd 5d]
hesc a.: checks 
agustin10442: checks 
Dorex2007: bets $0.04
hesc a.: folds 
agustin10442: folds 
Uncalled bet ($0.04) returned to Dorex2007
Dorex2007 collected $0.06 from pot
Dorex2007: doesn't show hand 
*** SUMMARY ***
Total pot $0.06 | Rake $0 
Board [Ts Kd 5d]
Seat 1: fjmuller folded before Flop (didn't bet)
Seat 3: realmadrid18win (button) folded before Flop (didn't bet)
Seat 4: hesc a. (small blind) folded on the Flop
Seat 5: agustin10442 (big blind) folded on the Flop
Seat 7: Cruccio.1 folded before Flop (didn't bet)
Seat 8: frosa9397 folded before Flop (didn't bet)
Seat 9: Dorex2007 collected ($0.06)



PokerStars Hand #232795417757:  Hold'em No Limit ($0.01/$0.02 USD) - 2022/01/03 16:41:46 PT [2022/01/03 19:41:46 ET]
Table 'Kriemhild IV' 9-max Seat #4 is the button
Seat 1: fjmuller ($1.62 in chips) 
Seat 3: realmadrid18win ($0.34 in chips) 
Seat 4: hesc a. ($1.70 in chips) 
Seat 5: agustin10442 ($0.75 in chips) 
Seat 7: Cruccio.1 ($0.73 in chips) 
Seat 8: frosa9397 ($1.61 in chips) 
Seat 9: Dorex2007 ($2.08 in chips) 
agustin10442: posts small blind $0.01
Cruccio.1: posts big blind $0.02
*** HOLE CARDS ***
Dealt to Dorex2007 [Ad Tc]
frosa9397: folds 
Dorex2007: calls $0.02
fjmuller: calls $0.02
realmadrid18win: folds 
hesc a.: raises $0.04 to $0.06
Pepono101 is disconnected 
agustin10442: raises $0.06 to $0.12
Cruccio.1: folds 
Dorex2007: folds 
fjmuller: folds 
hesc a.: calls $0.06
*** FLOP *** [6s 2h 4c]
agustin10442: bets $0.15
hesc a.: folds 
Uncalled bet ($0.15) returned to agustin10442
agustin10442 collected $0.29 from pot
*** SUMMARY ***
Total pot $0.30 | Rake $0.01 
Board [6s 2h 4c]
Seat 1: fjmuller folded before Flop
Seat 3: realmadrid18win folded before Flop (didn't bet)
Seat 4: hesc a. (button) folded on the Flop
Seat 5: agustin10442 (small blind) collected ($0.29)
Seat 7: Cruccio.1 (big blind) folded before Flop
Seat 8: frosa9397 folded before Flop (didn't bet)
Seat 9: Dorex2007 folded before Flop



PokerStars Hand #232795440770:  Hold'em No Limit ($0.01/$0.02 USD) - 2022/01/03 16:42:39 PT [2022/01/03 19:42:39 ET]
Table 'Kriemhild IV' 9-max Seat #5 is the button
Seat 1: fjmuller ($1.60 in chips) 
Seat 3: realmadrid18win ($0.34 in chips) 
Seat 4: hesc a. ($1.58 in chips) 
Seat 5: agustin10442 ($0.92 in chips) 
Seat 7: Cruccio.1 ($0.71 in chips) 
Seat 8: frosa9397 ($1.61 in chips) 
Seat 9: Dorex2007 ($2.06 in chips) 
Cruccio.1: posts small blind $0.01
frosa9397: posts big blind $0.02
*** HOLE CARDS ***
Dealt to Dorex2007 [8d 9s]
Dorex2007: folds 
fjmuller: calls $0.02
realmadrid18win: folds 
hesc a.: calls $0.02
agustin10442: folds 
Cruccio.1: raises $0.04 to $0.06
frosa9397: folds 
fjmuller: calls $0.04
hesc a.: calls $0.04
*** FLOP *** [Ac 5h 7c]
Cruccio.1: bets $0.04
fjmuller: calls $0.04
hesc a.: folds 
*** TURN *** [Ac 5h 7c] [9c]
Cruccio.1: bets $0.04
fjmuller: folds 
Uncalled bet ($0.04) returned to Cruccio.1
Cruccio.1 collected $0.27 from pot
Cruccio.1: doesn't show hand 
*** SUMMARY ***
Total pot $0.28 | Rake $0.01 
Board [Ac 5h 7c 9c]
Seat 1: fjmuller folded on the Turn
Seat 3: realmadrid18win folded before Flop (didn't bet)
Seat 4: hesc a. folded on the Flop
Seat 5: agustin10442 (button) folded before Flop (didn't bet)
Seat 7: Cruccio.1 (small blind) collected ($0.27)
Seat 8: frosa9397 (big blind) folded before Flop
Seat 9: Dorex2007 folded before Flop (didn't bet)



PokerStars Hand #232795459582:  Hold'em No Limit ($0.01/$0.02 USD) - 2022/01/03 16:43:32 PT [2022/01/03 19:43:32 ET]
Table 'Kriemhild IV' 9-max Seat #7 is the button
Seat 1: fjmuller ($1.50 in chips) 
Seat 3: realmadrid18win ($0.34 in chips) 
Seat 4: hesc a. ($1.52 in chips) 
Seat 5: agustin10442 ($0.92 in chips) 
Seat 7: Cruccio.1 ($0.88 in chips) 
Seat 8: frosa9397 ($1.59 in chips) 
Seat 9: Dorex2007 ($2.06 in chips) 
frosa9397: posts small blind $0.01
Dorex2007: posts big blind $0.02
*** HOLE CARDS ***
Dealt to Dorex2007 [9s Qc]
fjmuller: calls $0.02
realmadrid18win: folds 
hesc a.: calls $0.02
agustin10442: calls $0.02
Cruccio.1: folds 
jatanl joins the table at seat #2 
frosa9397: folds 
Dorex2007: checks 
*** FLOP *** [Qd 3d 5c]
Dorex2007: checks 
fjmuller: checks 
hesc a.: checks 
agustin10442: bets $0.02
Dorex2007: calls $0.02
fjmuller: calls $0.02
hesc a.: calls $0.02
*** TURN *** [Qd 3d 5c] [4s]
Dorex2007: checks 
fjmuller: checks 
hesc a.: checks 
agustin10442: bets $0.08
Dorex2007: calls $0.08
fjmuller: folds 
hesc a.: folds 
*** RIVER *** [Qd 3d 5c 4s] [2h]
Dorex2007: bets $0.16
agustin10442: folds 
Uncalled bet ($0.16) returned to Dorex2007
Dorex2007 collected $0.32 from pot
Dorex2007: doesn't show hand 
*** SUMMARY ***
Total pot $0.33 | Rake $0.01 
Board [Qd 3d 5c 4s 2h]
Seat 1: fjmuller folded on the Turn
Seat 3: realmadrid18win folded before Flop (didn't bet)
Seat 4: hesc a. folded on the Turn
Seat 5: agustin10442 folded on the River
Seat 7: Cruccio.1 (button) folded before Flop (didn't bet)
Seat 8: frosa9397 (small blind) folded before Flop
Seat 9: Dorex2007 (big blind) collected ($0.32)



PokerStars Hand #232795483847:  Hold'em No Limit ($0.01/$0.02 USD) - 2022/01/03 16:44:39 PT [2022/01/03 19:44:39 ET]
Table 'Kriemhild IV' 9-max Seat #8 is the button
Seat 1: fjmuller ($1.46 in chips) 
Seat 3: realmadrid18win ($0.34 in chips) 
Seat 4: hesc a. ($1.48 in chips) 
Seat 5: agustin10442 ($0.80 in chips) 
Seat 6: Pepono101 ($1.26 in chips) 
Seat 7: Cruccio.1 ($0.88 in chips) 
Seat 8: frosa9397 ($1.58 in chips) 
Seat 9: Dorex2007 ($2.26 in chips) 
Dorex2007: posts small blind $0.01
fjmuller: posts big blind $0.02
jatanl: sits out 
Pepono101: posts small & big blinds $0.03
*** HOLE CARDS ***
Dealt to Dorex2007 [Ah 7d]
realmadrid18win: folds 
hesc a.: folds 
agustin10442: calls $0.02
Pepono101: checks 
Cruccio.1: calls $0.02
frosa9397: folds 
Dorex2007: calls $0.01
fjmuller: checks 
*** FLOP *** [3c 5d Jc]
Dorex2007: checks 
fjmuller: checks 
agustin10442: checks 
Pepono101: checks 
Cruccio.1: bets $0.06
Dorex2007: folds 
fjmuller: folds 
agustin10442: folds 
Pepono101: folds 
Uncalled bet ($0.06) returned to Cruccio.1
Cruccio.1 collected $0.11 from pot
Cruccio.1: doesn't show hand 
*** SUMMARY ***
Total pot $0.11 | Rake $0 
Board [3c 5d Jc]
Seat 1: fjmuller (big blind) folded on the Flop
Seat 3: realmadrid18win folded before Flop (didn't bet)
Seat 4: hesc a. folded before Flop (didn't bet)
Seat 5: agustin10442 folded on the Flop
Seat 6: Pepono101 folded on the Flop (didn't bet)
Seat 7: Cruccio.1 collected ($0.11)
Seat 8: frosa9397 (button) folded before Flop (didn't bet)
Seat 9: Dorex2007 (small blind) folded on the Flop



PokerStars Hand #232795507864:  Hold'em No Limit ($0.01/$0.02 USD) - 2022/01/03 16:45:47 PT [2022/01/03 19:45:47 ET]
Table 'Kriemhild IV' 9-max Seat #9 is the button
Seat 1: fjmuller ($1.44 in chips) 
Seat 2: jatanl ($1.55 in chips) 
Seat 3: realmadrid18win ($0.34 in chips) 
Seat 4: hesc a. ($1.48 in chips) 
Seat 5: agustin10442 ($0.78 in chips) 
Seat 6: Pepono101 ($1.23 in chips) 
Seat 7: Cruccio.1 ($0.97 in chips) 
Seat 8: frosa9397 ($1.58 in chips) 
Seat 9: Dorex2007 ($2.24 in chips) 
fjmuller: posts small blind $0.01
jatanl: posts big blind $0.02
*** HOLE CARDS ***
Dealt to Dorex2007 [9d 6h]
realmadrid18win: raises $0.04 to $0.06
hesc a.: folds 
agustin10442: folds 
Pepono101: folds 
Cruccio.1: folds 
frosa9397: folds 
Dorex2007: folds 
fjmuller: folds 
jatanl: folds 
Uncalled bet ($0.04) returned to realmadrid18win
realmadrid18win collected $0.05 from pot
*** SUMMARY ***
Total pot $0.05 | Rake $0 
Seat 1: fjmuller (small blind) folded before Flop
Seat 2: jatanl (big blind) folded before Flop
Seat 3: realmadrid18win collected ($0.05)
Seat 4: hesc a. folded before Flop (didn't bet)
Seat 5: agustin10442 folded before Flop (didn't bet)
Seat 6: Pepono101 folded before Flop (didn't bet)
Seat 7: Cruccio.1 folded before Flop (didn't bet)
Seat 8: frosa9397 folded before Flop (didn't bet)
Seat 9: Dorex2007 (button) folded before Flop (didn't bet)



PokerStars Hand #232795527087:  Hold'em No Limit ($0.01/$0.02 USD) - 2022/01/03 16:46:13 PT [2022/01/03 19:46:13 ET]
Table 'Kriemhild IV' 9-max Seat #2 is the button
Seat 2: jatanl ($1.53 in chips) 
Seat 3: realmadrid18win ($0.37 in chips) 
Seat 4: hesc a. ($1.48 in chips) 
Seat 5: agustin10442 ($0.78 in chips) 
Seat 6: Pepono101 ($1.23 in chips) 
Seat 7: Cruccio.1 ($0.97 in chips) 
Seat 8: frosa9397 ($1.58 in chips) 
Seat 9: Dorex2007 ($2.24 in chips) 
realmadrid18win: posts small blind $0.01
hesc a.: posts big blind $0.02
*** HOLE CARDS ***
Dealt to Dorex2007 [3h 5d]
agustin10442: calls $0.02
Pepono101: raises $0.08 to $0.10
Cruccio.1: folds 
frosa9397: folds 
Dorex2007: folds 
jatanl: folds 
jatanl leaves the table
realmadrid18win: folds 
hesc a.: folds 
agustin10442: folds 
Uncalled bet ($0.08) returned to Pepono101
Pepono101 collected $0.07 from pot
Pepono101: doesn't show hand 
*** SUMMARY ***
Total pot $0.07 | Rake $0 
Seat 2: jatanl (button) folded before Flop (didn't bet)
Seat 3: realmadrid18win (small blind) folded before Flop
Seat 4: hesc a. (big blind) folded before Flop
Seat 5: agustin10442 folded before Flop
Seat 6: Pepono101 collected ($0.07)
Seat 7: Cruccio.1 folded before Flop (didn't bet)
Seat 8: frosa9397 folded before Flop (didn't bet)
Seat 9: Dorex2007 folded before Flop (didn't bet)



PokerStars Hand #232795538905:  Hold'em No Limit ($0.01/$0.02 USD) - 2022/01/03 16:46:46 PT [2022/01/03 19:46:46 ET]
Table 'Kriemhild IV' 9-max Seat #3 is the button
Seat 3: realmadrid18win ($0.36 in chips) 
Seat 4: hesc a. ($1.46 in chips) 
Seat 5: agustin10442 ($0.76 in chips) 
Seat 6: Pepono101 ($1.28 in chips) 
Seat 7: Cruccio.1 ($0.97 in chips) 
Seat 8: frosa9397 ($1.58 in chips) 
Seat 9: Dorex2007 ($2.24 in chips) 
hesc a.: posts small blind $0.01
agustin10442: posts big blind $0.02
*** HOLE CARDS ***
Dealt to Dorex2007 [3s 8d]
Pepono101: folds 
SorokkoPavel joins the table at seat #2 
Cruccio.1: raises $0.04 to $0.06
frosa9397: folds 
Dorex2007: folds 
realmadrid18win: folds 
hesc a.: folds 
agustin10442: folds 
Uncalled bet ($0.04) returned to Cruccio.1
Cruccio.1 collected $0.05 from pot
Cruccio.1: doesn't show hand 
*** SUMMARY ***
Total pot $0.05 | Rake $0 
Seat 3: realmadrid18win (button) folded before Flop (didn't bet)
Seat 4: hesc a. (small blind) folded before Flop
Seat 5: agustin10442 (big blind) folded before Flop
Seat 6: Pepono101 folded before Flop (didn't bet)
Seat 7: Cruccio.1 collected ($0.05)
Seat 8: frosa9397 folded before Flop (didn't bet)
Seat 9: Dorex2007 folded before Flop (didn't bet)



PokerStars Hand #232795547387:  Hold'em No Limit ($0.01/$0.02 USD) - 2022/01/03 16:47:10 PT [2022/01/03 19:47:10 ET]
Table 'Kriemhild IV' 9-max Seat #4 is the button
Seat 3: realmadrid18win ($0.36 in chips) 
Seat 4: hesc a. ($1.45 in chips) 
Seat 5: agustin10442 ($0.74 in chips) 
Seat 6: Pepono101 ($1.28 in chips) 
Seat 7: Cruccio.1 ($1 in chips) 
Seat 8: frosa9397 ($1.58 in chips) 
Seat 9: Dorex2007 ($2.24 in chips) 
agustin10442: posts small blind $0.01
Pepono101: posts big blind $0.02
SorokkoPavel: sits out 
*** HOLE CARDS ***
Dealt to Dorex2007 [2h 5h]
Cruccio.1: raises $0.04 to $0.06
frosa9397: folds 
Dorex2007: folds 
realmadrid18win: folds 
hesc a.: folds 
agustin10442: calls $0.05
Pepono101: folds 
*** FLOP *** [As 4s Ac]
agustin10442: checks 
Cruccio.1: checks 
*** TURN *** [As 4s Ac] [7h]
agustin10442: checks 
Cruccio.1: bets $0.02
frosa9397 is disconnected 
agustin10442: calls $0.02
*** RIVER *** [As 4s Ac 7h] [7c]
agustin10442: checks 
Cruccio.1: bets $0.04
agustin10442: folds 
Uncalled bet ($0.04) returned to Cruccio.1
Cruccio.1 collected $0.17 from pot
Cruccio.1: doesn't show hand 
*** SUMMARY ***
Total pot $0.18 | Rake $0.01 
Board [As 4s Ac 7h 7c]
Seat 3: realmadrid18win folded before Flop (didn't bet)
Seat 4: hesc a. (button) folded before Flop (didn't bet)
Seat 5: agustin10442 (small blind) folded on the River
Seat 6: Pepono101 (big blind) folded before Flop
Seat 7: Cruccio.1 collected ($0.17)
Seat 8: frosa9397 folded before Flop (didn't bet)
Seat 9: Dorex2007 folded before Flop (didn't bet)



PokerStars Hand #232795571407:  Hold'em No Limit ($0.01/$0.02 USD) - 2022/01/03 16:48:09 PT [2022/01/03 19:48:09 ET]
Table 'Kriemhild IV' 9-max Seat #5 is the button
Seat 3: realmadrid18win ($0.36 in chips) 
Seat 4: hesc a. ($1.45 in chips) 
Seat 5: agustin10442 ($0.66 in chips) 
Seat 6: Pepono101 ($1.26 in chips) 
Seat 7: Cruccio.1 ($1.09 in chips) 
Seat 8: frosa9397 ($1.58 in chips) 
Seat 9: Dorex2007 ($2.24 in chips) 
Pepono101: posts small blind $0.01
Cruccio.1: posts big blind $0.02
SorokkoPavel: sits out 
*** HOLE CARDS ***
Dealt to Dorex2007 [2d Ad]
frosa9397 has timed out while disconnected
frosa9397: folds 
Dorex2007: folds 
realmadrid18win: folds 
hesc a.: folds 
agustin10442: calls $0.02
Pepono101: calls $0.01
Cruccio.1: checks 
*** FLOP *** [Js 8s Kd]
Pepono101: checks 
Cruccio.1: checks 
agustin10442: bets $0.06
Pepono101: folds 
Cruccio.1: folds 
Uncalled bet ($0.06) returned to agustin10442
agustin10442 collected $0.06 from pot
*** SUMMARY ***
Total pot $0.06 | Rake $0 
Board [Js 8s Kd]
Seat 3: realmadrid18win folded before Flop (didn't bet)
Seat 4: hesc a. folded before Flop (didn't bet)
Seat 5: agustin10442 (button) collected ($0.06)
Seat 6: Pepono101 (small blind) folded on the Flop
Seat 7: Cruccio.1 (big blind) folded on the Flop
Seat 8: frosa9397 folded before Flop (didn't bet)
Seat 9: Dorex2007 folded before Flop (didn't bet)



PokerStars Hand #232795583842:  Hold'em No Limit ($0.01/$0.02 USD) - 2022/01/03 16:48:44 PT [2022/01/03 19:48:44 ET]
Table 'Kriemhild IV' 9-max Seat #6 is the button
Seat 3: realmadrid18win ($0.36 in chips) 
Seat 4: hesc a. ($1.45 in chips) 
Seat 5: agustin10442 ($0.70 in chips) 
Seat 6: Pepono101 ($1.24 in chips) 
Seat 7: Cruccio.1 ($1.07 in chips) 
Seat 9: Dorex2007 ($2.24 in chips) 
Cruccio.1: posts small blind $0.01
Dorex2007: posts big blind $0.02
SorokkoPavel: sits out 
*** HOLE CARDS ***
Dealt to Dorex2007 [Td 7c]
realmadrid18win: folds 
hesc a.: raises $0.02 to $0.04
agustin10442: calls $0.04
Pepono101: folds 
Cruccio.1: calls $0.03
Dorex2007: folds 
*** FLOP *** [Ah Ac Tc]
Cruccio.1: bets $0.04
hesc a.: raises $0.04 to $0.08
agustin10442: folds 
Cruccio.1: folds 
Uncalled bet ($0.04) returned to hesc a.
hesc a. collected $0.21 from pot
hesc a.: doesn't show hand 
*** SUMMARY ***
Total pot $0.22 | Rake $0.01 
Board [Ah Ac Tc]
Seat 3: realmadrid18win folded before Flop (didn't bet)
Seat 4: hesc a. collected ($0.21)
Seat 5: agustin10442 folded on the Flop
Seat 6: Pepono101 (button) folded before Flop (didn't bet)
Seat 7: Cruccio.1 (small blind) folded on the Flop
Seat 9: Dorex2007 (big blind) folded before Flop



PokerStars Hand #232795597945:  Hold'em No Limit ($0.01/$0.02 USD) - 2022/01/03 16:49:25 PT [2022/01/03 19:49:25 ET]
Table 'Kriemhild IV' 9-max Seat #7 is the button
Seat 1: fjmuller ($1.43 in chips) 
Seat 3: realmadrid18win ($0.36 in chips) 
Seat 4: hesc a. ($1.58 in chips) 
Seat 5: agustin10442 ($0.66 in chips) 
Seat 6: Pepono101 ($1.24 in chips) 
Seat 7: Cruccio.1 ($0.99 in chips) 
Seat 9: Dorex2007 ($2.22 in chips) 
Dorex2007: posts small blind $0.01
fjmuller: posts big blind $0.02
SorokkoPavel: sits out 
*** HOLE CARDS ***
Dealt to Dorex2007 [6s 3h]
realmadrid18win: folds 
hesc a.: folds 
agustin10442: calls $0.02
Pepono101 is disconnected 
Pepono101 has timed out while disconnected
Pepono101: folds 
Cruccio.1: calls $0.02
Dorex2007: folds 
fjmuller: checks 
*** FLOP *** [Qs Kd 9s]
fjmuller: checks 
agustin10442: checks 
Cruccio.1: bets $0.02
fjmuller: calls $0.02
agustin10442: raises $0.07 to $0.09
Cruccio.1: calls $0.07
fjmuller: folds 
*** TURN *** [Qs Kd 9s] [4h]
agustin10442: bets $0.13
Cruccio.1: folds 
Uncalled bet ($0.13) returned to agustin10442
agustin10442 collected $0.26 from pot
*** SUMMARY ***
Total pot $0.27 | Rake $0.01 
Board [Qs Kd 9s 4h]
Seat 1: fjmuller (big blind) folded on the Flop
Seat 3: realmadrid18win folded before Flop (didn't bet)
Seat 4: hesc a. folded before Flop (didn't bet)
Seat 5: agustin10442 collected ($0.26)
Seat 6: Pepono101 folded before Flop (didn't bet)
Seat 7: Cruccio.1 (button) folded on the Turn
Seat 9: Dorex2007 (small blind) folded before Flop



PokerStars Hand #232795624122:  Hold'em No Limit ($0.01/$0.02 USD) - 2022/01/03 16:50:40 PT [2022/01/03 19:50:40 ET]
Table 'Kriemhild IV' 9-max Seat #9 is the button
Seat 1: fjmuller ($1.39 in chips) 
Seat 2: SorokkoPavel ($2 in chips) 
Seat 3: realmadrid18win ($0.36 in chips) 
Seat 4: hesc a. ($1.58 in chips) 
Seat 5: agustin10442 ($0.81 in chips) 
Seat 7: Cruccio.1 ($0.88 in chips) 
Seat 9: Dorex2007 ($2.21 in chips) 
fjmuller: posts small blind $0.01
SorokkoPavel: posts big blind $0.02
*** HOLE CARDS ***
Dealt to Dorex2007 [2s Ks]
realmadrid18win: raises $0.04 to $0.06
hesc a.: folds 
agustin10442: folds 
Cruccio.1: folds 
Dorex2007: folds 
fjmuller: calls $0.05
SorokkoPavel: folds 
*** FLOP *** [7h 8d 3c]
fjmuller: checks 
realmadrid18win: checks 
*** TURN *** [7h 8d 3c] [Js]
fjmuller: checks 
realmadrid18win: checks 
*** RIVER *** [7h 8d 3c Js] [3s]
fjmuller: checks 
realmadrid18win: checks 
*** SHOW DOWN ***
fjmuller: shows [As Qs] (a pair of Threes)
realmadrid18win: shows [Qd Ac] (a pair of Threes)
fjmuller collected $0.07 from pot
realmadrid18win collected $0.07 from pot
*** SUMMARY ***
Total pot $0.14 | Rake $0 
Board [7h 8d 3c Js 3s]
Seat 1: fjmuller (small blind) showed [As Qs] and won ($0.07) with a pair of Threes
Seat 2: SorokkoPavel (big blind) folded before Flop
Seat 3: realmadrid18win showed [Qd Ac] and won ($0.07) with a pair of Threes
Seat 4: hesc a. folded before Flop (didn't bet)
Seat 5: agustin10442 folded before Flop (didn't bet)
Seat 7: Cruccio.1 folded before Flop (didn't bet)
Seat 9: Dorex2007 (button) folded before Flop (didn't bet)



PokerStars Hand #232795640581:  Hold'em No Limit ($0.01/$0.02 USD) - 2022/01/03 16:51:27 PT [2022/01/03 19:51:27 ET]
Table 'Kriemhild IV' 9-max Seat #1 is the button
Seat 1: fjmuller ($1.40 in chips) 
Seat 2: SorokkoPavel ($2 in chips) 
Seat 4: hesc a. ($1.58 in chips) 
Seat 5: agustin10442 ($0.81 in chips) 
Seat 7: Cruccio.1 ($0.88 in chips) 
Seat 9: Dorex2007 ($2.21 in chips) 
SorokkoPavel: posts small blind $0.01
realmadrid18win: is sitting out 
hesc a.: posts big blind $0.02
*** HOLE CARDS ***
Dealt to Dorex2007 [Kc Jd]
agustin10442: calls $0.02
Cruccio.1: folds 
Dorex2007: calls $0.02
fjmuller: folds 
SorokkoPavel: folds 
hesc a.: checks 
*** FLOP *** [Qc Ad 8s]
hesc a.: checks 
agustin10442: checks 
Dorex2007: checks 
*** TURN *** [Qc Ad 8s] [3h]
hesc a.: checks 
agustin10442: checks 
Dorex2007: checks 
*** RIVER *** [Qc Ad 8s 3h] [As]
hesc a.: checks 
agustin10442: checks 
Dorex2007: bets $0.07
hesc a.: folds 
agustin10442: folds 
Uncalled bet ($0.07) returned to Dorex2007
Dorex2007 collected $0.07 from pot
Dorex2007: doesn't show hand 
*** SUMMARY ***
Total pot $0.07 | Rake $0 
Board [Qc Ad 8s 3h As]
Seat 1: fjmuller (button) folded before Flop (didn't bet)
Seat 2: SorokkoPavel (small blind) folded before Flop
Seat 4: hesc a. (big blind) folded on the River
Seat 5: agustin10442 folded on the River
Seat 7: Cruccio.1 folded before Flop (didn't bet)
Seat 9: Dorex2007 collected ($0.07)



PokerStars Hand #232795664334:  Hold'em No Limit ($0.01/$0.02 USD) - 2022/01/03 16:52:35 PT [2022/01/03 19:52:35 ET]
Table 'Kriemhild IV' 9-max Seat #2 is the button
Seat 1: fjmuller ($1.40 in chips) 
Seat 2: SorokkoPavel ($2 in chips) 
Seat 4: hesc a. ($1.56 in chips) 
Seat 5: agustin10442 ($0.79 in chips) 
Seat 7: Cruccio.1 ($0.88 in chips) 
Seat 9: Dorex2007 ($2.26 in chips) 
hesc a.: posts small blind $0.01
agustin10442: posts big blind $0.02
*** HOLE CARDS ***
Dealt to Dorex2007 [8h 5c]
Cruccio.1: raises $0.04 to $0.06
Dorex2007: folds 
fjmuller: folds 
SorokkoPavel: folds 
hesc a.: folds 
agustin10442: folds 
Uncalled bet ($0.04) returned to Cruccio.1
Cruccio.1 collected $0.05 from pot
Cruccio.1: doesn't show hand 
*** SUMMARY ***
Total pot $0.05 | Rake $0 
Seat 1: fjmuller folded before Flop (didn't bet)
Seat 2: SorokkoPavel (button) folded before Flop (didn't bet)
Seat 4: hesc a. (small blind) folded before Flop
Seat 5: agustin10442 (big blind) folded before Flop
Seat 7: Cruccio.1 collected ($0.05)
Seat 9: Dorex2007 folded before Flop (didn't bet)



PokerStars Hand #232795669473:  Hold'em No Limit ($0.01/$0.02 USD) - 2022/01/03 16:52:51 PT [2022/01/03 19:52:51 ET]
Table 'Kriemhild IV' 9-max Seat #4 is the button
Seat 1: fjmuller ($1.40 in chips) 
Seat 2: SorokkoPavel ($2 in chips) 
Seat 3: realmadrid18win ($0.37 in chips) 
Seat 4: hesc a. ($1.55 in chips) 
Seat 5: agustin10442 ($0.77 in chips) 
Seat 7: Cruccio.1 ($0.91 in chips) 
Seat 9: Dorex2007 ($2.26 in chips) 
agustin10442: posts small blind $0.01
Cruccio.1: posts big blind $0.02
realmadrid18win: posts small & big blinds $0.03
*** HOLE CARDS ***
Dealt to Dorex2007 [4h 4c]
Dorex2007: folds 
fjmuller: calls $0.02
SorokkoPavel: folds 
realmadrid18win: checks 
hesc a.: folds 
agustin10442: calls $0.01
Cruccio.1: checks 
*** FLOP *** [9s 4d Th]
agustin10442: checks 
Cruccio.1: bets $0.02
fjmuller: calls $0.02
realmadrid18win: folds 
agustin10442: folds 
*** TURN *** [9s 4d Th] [Qc]
Cruccio.1: bets $0.02
fjmuller: calls $0.02
*** RIVER *** [9s 4d Th Qc] [7c]
Cruccio.1: bets $0.02
fjmuller: calls $0.02
*** SHOW DOWN ***
Cruccio.1: shows [9d Tc] (two pair, Tens and Nines)
fjmuller: shows [Qd Td] (two pair, Queens and Tens)
fjmuller collected $0.20 from pot
*** SUMMARY ***
Total pot $0.21 | Rake $0.01 
Board [9s 4d Th Qc 7c]
Seat 1: fjmuller showed [Qd Td] and won ($0.20) with two pair, Queens and Tens
Seat 2: SorokkoPavel folded before Flop (didn't bet)
Seat 3: realmadrid18win folded on the Flop (didn't bet)
Seat 4: hesc a. (button) folded before Flop (didn't bet)
Seat 5: agustin10442 (small blind) folded on the Flop
Seat 7: Cruccio.1 (big blind) showed [9d Tc] and lost with two pair, Tens and Nines
Seat 9: Dorex2007 folded before Flop (didn't bet)



PokerStars Hand #232795703133:  Hold'em No Limit ($0.01/$0.02 USD) - 2022/01/03 16:53:51 PT [2022/01/03 19:53:51 ET]
Table 'Kriemhild IV' 9-max Seat #5 is the button
Seat 1: fjmuller ($1.52 in chips) 
Seat 2: SorokkoPavel ($2 in chips) 
Seat 3: realmadrid18win ($0.34 in chips) 
Seat 4: hesc a. ($1.55 in chips) 
Seat 5: agustin10442 ($0.75 in chips) 
Seat 7: Cruccio.1 ($0.83 in chips) 
Seat 9: Dorex2007 ($2.26 in chips) 
Cruccio.1: posts small blind $0.01
Dorex2007: posts big blind $0.02
*** HOLE CARDS ***
Dealt to Dorex2007 [6s 5h]
fjmuller: folds 
SorokkoPavel: folds 
realmadrid18win: folds 
hesc a.: raises $0.04 to $0.06
agustin10442: calls $0.06
Cruccio.1: folds 
Dorex2007: folds 
*** FLOP *** [Ad 8d 7h]
hesc a.: bets $0.07
agustin10442: folds 
Uncalled bet ($0.07) returned to hesc a.
hesc a. collected $0.14 from pot
hesc a.: doesn't show hand 
*** SUMMARY ***
Total pot $0.15 | Rake $0.01 
Board [Ad 8d 7h]
Seat 1: fjmuller folded before Flop (didn't bet)
Seat 2: SorokkoPavel folded before Flop (didn't bet)
Seat 3: realmadrid18win folded before Flop (didn't bet)
Seat 4: hesc a. collected ($0.14)
Seat 5: agustin10442 (button) folded on the Flop
Seat 7: Cruccio.1 (small blind) folded before Flop
Seat 9: Dorex2007 (big blind) folded before Flop



PokerStars Hand #232795713379:  Hold'em No Limit ($0.01/$0.02 USD) - 2022/01/03 16:54:21 PT [2022/01/03 19:54:21 ET]
Table 'Kriemhild IV' 9-max Seat #7 is the button
Seat 1: fjmuller ($1.52 in chips) 
Seat 2: SorokkoPavel ($2 in chips) 
Seat 3: realmadrid18win ($0.34 in chips) 
Seat 4: hesc a. ($1.63 in chips) 
Seat 5: agustin10442 ($0.69 in chips) 
Seat 7: Cruccio.1 ($0.82 in chips) 
Seat 9: Dorex2007 ($2.24 in chips) 
Dorex2007: posts small blind $0.01
fjmuller: posts big blind $0.02
*** HOLE CARDS ***
Dealt to Dorex2007 [Qd 9d]
SorokkoPavel: folds 
realmadrid18win: folds 
hesc a.: folds 
agustin10442: calls $0.02
Cruccio.1: raises $0.04 to $0.06
Dorex2007: folds 
fjmuller: folds 
agustin10442: calls $0.04
*** FLOP *** [Ad Ts 3c]
agustin10442: checks 
Cruccio.1: bets $0.06
agustin10442: calls $0.06
*** TURN *** [Ad Ts 3c] [As]
agustin10442: checks 
Cruccio.1: bets $0.06
agustin10442: folds 
Uncalled bet ($0.06) returned to Cruccio.1
Cruccio.1 collected $0.26 from pot
Cruccio.1: doesn't show hand 
*** SUMMARY ***
Total pot $0.27 | Rake $0.01 
Board [Ad Ts 3c As]
Seat 1: fjmuller (big blind) folded before Flop
Seat 2: SorokkoPavel folded before Flop (didn't bet)
Seat 3: realmadrid18win folded before Flop (didn't bet)
Seat 4: hesc a. folded before Flop (didn't bet)
Seat 5: agustin10442 folded on the Turn
Seat 7: Cruccio.1 (button) collected ($0.26)
Seat 9: Dorex2007 (small blind) folded before Flop



PokerStars Hand #232795730925:  Hold'em No Limit ($0.01/$0.02 USD) - 2022/01/03 16:55:14 PT [2022/01/03 19:55:14 ET]
Table 'Kriemhild IV' 9-max Seat #9 is the button
Seat 1: fjmuller ($1.50 in chips) 
Seat 2: SorokkoPavel ($2 in chips) 
Seat 3: realmadrid18win ($0.34 in chips) 
Seat 4: hesc a. ($1.63 in chips) 
Seat 5: agustin10442 ($0.57 in chips) 
Seat 7: Cruccio.1 ($0.96 in chips) 
Seat 9: Dorex2007 ($2.23 in chips) 
fjmuller: posts small blind $0.01
SorokkoPavel: posts big blind $0.02
*** HOLE CARDS ***
Dealt to Dorex2007 [Ts Kc]
realmadrid18win: folds 
hesc a.: raises $0.02 to $0.04
agustin10442: folds 
Cruccio.1: folds 
Dorex2007: folds 
fjmuller: calls $0.03
SorokkoPavel: folds 
*** FLOP *** [Jc Jh 3d]
fjmuller: checks 
hesc a.: bets $0.05
fjmuller: folds 
Uncalled bet ($0.05) returned to hesc a.
hesc a. collected $0.10 from pot
hesc a.: doesn't show hand 
*** SUMMARY ***
Total pot $0.10 | Rake $0 
Board [Jc Jh 3d]
Seat 1: fjmuller (small blind) folded on the Flop
Seat 2: SorokkoPavel (big blind) folded before Flop
Seat 3: realmadrid18win folded before Flop (didn't bet)
Seat 4: hesc a. collected ($0.10)
Seat 5: agustin10442 folded before Flop (didn't bet)
Seat 7: Cruccio.1 folded before Flop (didn't bet)
Seat 9: Dorex2007 (button) folded before Flop (didn't bet)



PokerStars Hand #232795739112:  Hold'em No Limit ($0.01/$0.02 USD) - 2022/01/03 16:55:44 PT [2022/01/03 19:55:44 ET]
Table 'Kriemhild IV' 9-max Seat #1 is the button
Seat 1: fjmuller ($1.46 in chips) 
Seat 2: SorokkoPavel ($2 in chips) 
Seat 3: realmadrid18win ($0.34 in chips) 
Seat 4: hesc a. ($1.69 in chips) 
Seat 5: agustin10442 ($0.57 in chips) 
Seat 7: Cruccio.1 ($0.96 in chips) 
Seat 9: Dorex2007 ($2.23 in chips) 
SorokkoPavel: posts small blind $0.01
realmadrid18win: posts big blind $0.02
*** HOLE CARDS ***
Dealt to Dorex2007 [Jc 9d]
hesc a.: folds 
agustin10442: calls $0.02
Cruccio.1: folds 
Dorex2007: folds 
fjmuller: folds 
SorokkoPavel: raises $0.06 to $0.08
realmadrid18win: folds 
agustin10442: calls $0.06
*** FLOP *** [Js Ah 9c]
SorokkoPavel: checks 
agustin10442: checks 
*** TURN *** [Js Ah 9c] [4h]
SorokkoPavel: checks 
agustin10442: bets $0.04
SorokkoPavel: calls $0.04
*** RIVER *** [Js Ah 9c 4h] [5h]
SorokkoPavel: checks 
agustin10442: checks 
*** SHOW DOWN ***
SorokkoPavel: shows [Th Tc] (a pair of Tens)
agustin10442: shows [2c Ac] (a pair of Aces)
agustin10442 collected $0.25 from pot
*** SUMMARY ***
Total pot $0.26 | Rake $0.01 
Board [Js Ah 9c 4h 5h]
Seat 1: fjmuller (button) folded before Flop (didn't bet)
Seat 2: SorokkoPavel (small blind) showed [Th Tc] and lost with a pair of Tens
Seat 3: realmadrid18win (big blind) folded before Flop
Seat 4: hesc a. folded before Flop (didn't bet)
Seat 5: agustin10442 showed [2c Ac] and won ($0.25) with a pair of Aces
Seat 7: Cruccio.1 folded before Flop (didn't bet)
Seat 9: Dorex2007 folded before Flop (didn't bet)



PokerStars Hand #232795756812:  Hold'em No Limit ($0.01/$0.02 USD) - 2022/01/03 16:56:47 PT [2022/01/03 19:56:47 ET]
Table 'Kriemhild IV' 9-max Seat #2 is the button
Seat 1: fjmuller ($1.46 in chips) 
Seat 2: SorokkoPavel ($2 in chips) 
Seat 3: realmadrid18win ($0.32 in chips) 
Seat 4: hesc a. ($1.69 in chips) 
Seat 5: agustin10442 ($0.70 in chips) 
Seat 7: Cruccio.1 ($0.96 in chips) 
Seat 9: Dorex2007 ($2.23 in chips) 
realmadrid18win: posts small blind $0.01
hesc a.: posts big blind $0.02
*** HOLE CARDS ***
Dealt to Dorex2007 [Qh Jd]
agustin10442: folds 
Cruccio.1: calls $0.02
Dorex2007: folds 
fjmuller: calls $0.02
SorokkoPavel: folds 
realmadrid18win: calls $0.01
hesc a.: checks 
*** FLOP *** [As 2d Td]
realmadrid18win: checks 
hesc a.: bets $0.02
Cruccio.1: calls $0.02
fjmuller: calls $0.02
realmadrid18win: folds 
*** TURN *** [As 2d Td] [6c]
hesc a.: checks 
Cruccio.1: bets $0.06
fjmuller: calls $0.06
hesc a.: folds 
*** RIVER *** [As 2d Td 6c] [Js]
Cruccio.1: bets $0.08
fjmuller: calls $0.08
*** SHOW DOWN ***
Cruccio.1: shows [Jh 2h] (two pair, Jacks and Deuces)
fjmuller: mucks hand 
Cruccio.1 collected $0.41 from pot
*** SUMMARY ***
Total pot $0.42 | Rake $0.01 
Board [As 2d Td 6c Js]
Seat 1: fjmuller mucked [Qd Ah]
Seat 2: SorokkoPavel (button) folded before Flop (didn't bet)
Seat 3: realmadrid18win (small blind) folded on the Flop
Seat 4: hesc a. (big blind) folded on the Turn
Seat 5: agustin10442 folded before Flop (didn't bet)
Seat 7: Cruccio.1 showed [Jh 2h] and won ($0.41) with two pair, Jacks and Deuces
Seat 9: Dorex2007 folded before Flop (didn't bet)



PokerStars Hand #232795771492:  Hold'em No Limit ($0.01/$0.02 USD) - 2022/01/03 16:57:40 PT [2022/01/03 19:57:40 ET]
Table 'Kriemhild IV' 9-max Seat #3 is the button
Seat 1: fjmuller ($1.28 in chips) 
Seat 2: SorokkoPavel ($2 in chips) 
Seat 3: realmadrid18win ($0.30 in chips) 
Seat 4: hesc a. ($1.65 in chips) 
Seat 5: agustin10442 ($0.70 in chips) 
Seat 7: Cruccio.1 ($1.19 in chips) 
Seat 9: Dorex2007 ($2.23 in chips) 
hesc a.: posts small blind $0.01
agustin10442: posts big blind $0.02
*** HOLE CARDS ***
Dealt to Dorex2007 [5d 4c]
Cruccio.1: folds 
Dorex2007: folds 
frosa9397 leaves the table
fjmuller: folds 
SorokkoPavel: folds 
realmadrid18win: folds 
hesc a.: calls $0.01
agustin10442: checks 
*** FLOP *** [Ac 4s 3c]
hesc a.: checks 
agustin10442: checks 
*** TURN *** [Ac 4s 3c] [5c]
hesc a.: bets $0.04
agustin10442: folds 
Uncalled bet ($0.04) returned to hesc a.
hesc a. collected $0.04 from pot
hesc a.: doesn't show hand 
*** SUMMARY ***
Total pot $0.04 | Rake $0 
Board [Ac 4s 3c 5c]
Seat 1: fjmuller folded before Flop (didn't bet)
Seat 2: SorokkoPavel folded before Flop (didn't bet)
Seat 3: realmadrid18win (button) folded before Flop (didn't bet)
Seat 4: hesc a. (small blind) collected ($0.04)
Seat 5: agustin10442 (big blind) folded on the Turn
Seat 7: Cruccio.1 folded before Flop (didn't bet)
Seat 9: Dorex2007 folded before Flop (didn't bet)



PokerStars Hand #232795784221:  Hold'em No Limit ($0.01/$0.02 USD) - 2022/01/03 16:58:25 PT [2022/01/03 19:58:25 ET]
Table 'Kriemhild IV' 9-max Seat #4 is the button
Seat 1: fjmuller ($1.28 in chips) 
Seat 2: SorokkoPavel ($2 in chips) 
Seat 3: realmadrid18win ($0.30 in chips) 
Seat 4: hesc a. ($1.67 in chips) 
Seat 5: agustin10442 ($0.68 in chips) 
Seat 7: Cruccio.1 ($1.19 in chips) 
Seat 9: Dorex2007 ($2.23 in chips) 
JUMER989 joins the table at seat #8 
agustin10442: posts small blind $0.01
Cruccio.1: posts big blind $0.02
*** HOLE CARDS ***
Dealt to Dorex2007 [Jd 6d]
Dorex2007: folds 
fjmuller has timed out
fjmuller: folds 
SorokkoPavel: folds 
realmadrid18win: folds 
hesc a.: raises $0.04 to $0.06
agustin10442: folds 
Cruccio.1: folds 
Uncalled bet ($0.04) returned to hesc a.
hesc a. collected $0.05 from pot
hesc a.: doesn't show hand 
*** SUMMARY ***
Total pot $0.05 | Rake $0 
Seat 1: fjmuller folded before Flop (didn't bet)
Seat 2: SorokkoPavel folded before Flop (didn't bet)
Seat 3: realmadrid18win folded before Flop (didn't bet)
Seat 4: hesc a. (button) collected ($0.05)
Seat 5: agustin10442 (small blind) folded before Flop
Seat 7: Cruccio.1 (big blind) folded before Flop
Seat 9: Dorex2007 folded before Flop (didn't bet)



PokerStars Hand #232795794026:  Hold'em No Limit ($0.01/$0.02 USD) - 2022/01/03 16:59:00 PT [2022/01/03 19:59:00 ET]
Table 'Kriemhild IV' 9-max Seat #5 is the button
Seat 1: fjmuller ($1.28 in chips) 
Seat 2: SorokkoPavel ($2 in chips) 
Seat 3: realmadrid18win ($0.30 in chips) 
Seat 4: hesc a. ($1.70 in chips) 
Seat 5: agustin10442 ($0.67 in chips) 
Seat 7: Cruccio.1 ($1.17 in chips) 
Seat 8: JUMER989 ($1.60 in chips) 
Seat 9: Dorex2007 ($2.23 in chips) 
Cruccio.1: posts small blind $0.01
JUMER989: posts big blind $0.02
*** HOLE CARDS ***
Dealt to Dorex2007 [9s 7s]
Dorex2007: folds 
fjmuller: folds 
SorokkoPavel: folds 
realmadrid18win: folds 
hesc a.: folds 
agustin10442: calls $0.02
Cruccio.1: folds 
JUMER989: checks 
*** FLOP *** [6d Ac Ts]
JUMER989: checks 
agustin10442: bets $0.05
JUMER989: calls $0.05
*** TURN *** [6d Ac Ts] [9c]
Pepono101 leaves the table
JUMER989: bets $0.14
agustin10442: calls $0.14
*** RIVER *** [6d Ac Ts 9c] [Ad]
JUMER989: checks 
agustin10442: checks 
*** SHOW DOWN ***
JUMER989: shows [Kh 2s] (a pair of Aces)
agustin10442: mucks hand 
JUMER989 collected $0.41 from pot
*** SUMMARY ***
Total pot $0.43 | Rake $0.02 
Board [6d Ac Ts 9c Ad]
Seat 1: fjmuller folded before Flop (didn't bet)
Seat 2: SorokkoPavel folded before Flop (didn't bet)
Seat 3: realmadrid18win folded before Flop (didn't bet)
Seat 4: hesc a. folded before Flop (didn't bet)
Seat 5: agustin10442 (button) mucked [Js Qh]
Seat 7: Cruccio.1 (small blind) folded before Flop
Seat 8: JUMER989 (big blind) showed [Kh 2s] and won ($0.41) with a pair of Aces
Seat 9: Dorex2007 folded before Flop (didn't bet)



PokerStars Hand #232795814223:  Hold'em No Limit ($0.01/$0.02 USD) - 2022/01/03 17:00:12 PT [2022/01/03 20:00:12 ET]
Table 'Kriemhild IV' 9-max Seat #7 is the button
Seat 1: fjmuller ($1.28 in chips) 
Seat 2: SorokkoPavel ($2 in chips) 
Seat 3: realmadrid18win ($0.30 in chips) 
Seat 4: hesc a. ($1.70 in chips) 
Seat 5: agustin10442 ($0.46 in chips) 
Seat 7: Cruccio.1 ($1.16 in chips) 
Seat 8: JUMER989 ($1.80 in chips) 
Seat 9: Dorex2007 ($2.23 in chips) 
JUMER989: posts small blind $0.01
Dorex2007: posts big blind $0.02
*** HOLE CARDS ***
Dealt to Dorex2007 [Kd Js]
fjmuller: calls $0.02
SorokkoPavel: folds 
realmadrid18win: folds 
hesc a.: folds 
agustin10442: calls $0.02
Cruccio.1: raises $0.04 to $0.06
JUMER989: folds 
Dorex2007: folds 
fjmuller: calls $0.04
agustin10442: calls $0.04
*** FLOP *** [8c Ad 6c]
fjmuller: checks 
agustin10442: checks 
Cruccio.1: bets $0.06
fjmuller: calls $0.06
agustin10442: folds 
*** TURN *** [8c Ad 6c] [5h]
fjmuller: checks 
Cruccio.1: bets $0.08
fjmuller: calls $0.08
*** RIVER *** [8c Ad 6c 5h] [3h]
fjmuller: checks 
Cruccio.1: bets $0.16
fjmuller: folds 
Uncalled bet ($0.16) returned to Cruccio.1
Cruccio.1 collected $0.47 from pot
Cruccio.1: doesn't show hand 
*** SUMMARY ***
Total pot $0.49 | Rake $0.02 
Board [8c Ad 6c 5h 3h]
Seat 1: fjmuller folded on the River
Seat 2: SorokkoPavel folded before Flop (didn't bet)
Seat 3: realmadrid18win folded before Flop (didn't bet)
Seat 4: hesc a. folded before Flop (didn't bet)
Seat 5: agustin10442 folded on the Flop
Seat 7: Cruccio.1 (button) collected ($0.47)
Seat 8: JUMER989 (small blind) folded before Flop
Seat 9: Dorex2007 (big blind) folded before Flop



PokerStars Hand #232795838727:  Hold'em No Limit ($0.01/$0.02 USD) - 2022/01/03 17:01:30 PT [2022/01/03 20:01:30 ET]
Table 'Kriemhild IV' 9-max Seat #8 is the button
Seat 1: fjmuller ($1.08 in chips) 
Seat 2: SorokkoPavel ($2 in chips) 
Seat 3: realmadrid18win ($0.30 in chips) 
Seat 4: hesc a. ($1.70 in chips) 
Seat 5: agustin10442 ($0.40 in chips) 
Seat 7: Cruccio.1 ($1.43 in chips) 
Seat 8: JUMER989 ($1.79 in chips) 
Seat 9: Dorex2007 ($2.21 in chips) 
Dorex2007: posts small blind $0.01
fjmuller: posts big blind $0.02
*** HOLE CARDS ***
Dealt to Dorex2007 [8d 5c]
SorokkoPavel: folds 
realmadrid18win has timed out
realmadrid18win: folds 
hesc a.: folds 
agustin10442: calls $0.02
Cruccio.1: folds 
JUMER989: calls $0.02
Dorex2007: folds 
fjmuller: checks 
*** FLOP *** [7d 6h 5d]
fjmuller: checks 
agustin10442: bets $0.02
JUMER989: raises $0.11 to $0.13
fjmuller: calls $0.13
agustin10442: folds 
*** TURN *** [7d 6h 5d] [Ac]
fjmuller: checks 
JUMER989: checks 
*** RIVER *** [7d 6h 5d Ac] [4s]
fjmuller: checks 
JUMER989: checks 
*** SHOW DOWN ***
fjmuller: shows [3d 9d] (a straight, Three to Seven)
JUMER989: mucks hand 
fjmuller collected $0.34 from pot
*** SUMMARY ***
Total pot $0.35 | Rake $0.01 
Board [7d 6h 5d Ac 4s]
Seat 1: fjmuller (big blind) showed [3d 9d] and won ($0.34) with a straight, Three to Seven
Seat 2: SorokkoPavel folded before Flop (didn't bet)
Seat 3: realmadrid18win folded before Flop (didn't bet)
Seat 4: hesc a. folded before Flop (didn't bet)
Seat 5: agustin10442 folded on the Flop
Seat 7: Cruccio.1 folded before Flop (didn't bet)
Seat 8: JUMER989 (button) mucked [Jc 4c]
Seat 9: Dorex2007 (small blind) folded before Flop



PokerStars Hand #232795865103:  Hold'em No Limit ($0.01/$0.02 USD) - 2022/01/03 17:02:49 PT [2022/01/03 20:02:49 ET]
Table 'Kriemhild IV' 9-max Seat #9 is the button
Seat 1: fjmuller ($1.27 in chips) 
Seat 2: SorokkoPavel ($2 in chips) 
Seat 3: realmadrid18win ($0.30 in chips) 
Seat 4: hesc a. ($1.70 in chips) 
Seat 5: agustin10442 ($0.36 in chips) 
Seat 7: Cruccio.1 ($1.43 in chips) 
Seat 8: JUMER989 ($1.64 in chips) 
Seat 9: Dorex2007 ($2.20 in chips) 
fjmuller: posts small blind $0.01
SorokkoPavel: posts big blind $0.02
*** HOLE CARDS ***
Dealt to Dorex2007 [Tc Kd]
realmadrid18win: raises $0.04 to $0.06
hesc a.: folds 
agustin10442: folds 
Cruccio.1: folds 
Stephanpr joins the table at seat #6 
JUMER989: calls $0.06
Dorex2007: folds 
fjmuller: folds 
SorokkoPavel: folds 
*** FLOP *** [3h 9h Qs]
realmadrid18win: bets $0.02
JUMER989: raises $0.18 to $0.20
realmadrid18win: raises $0.04 to $0.24 and is all-in
JUMER989: calls $0.04
*** TURN *** [3h 9h Qs] [3d]
*** RIVER *** [3h 9h Qs 3d] [6d]
*** SHOW DOWN ***
realmadrid18win: shows [Ah Jh] (a pair of Threes)
JUMER989: shows [8s 9s] (two pair, Nines and Threes)
JUMER989 collected $0.61 from pot
realmadrid18win cashed out the hand for $0.32
*** SUMMARY ***
Total pot $0.63 | Rake $0.02 
Board [3h 9h Qs 3d 6d]
Seat 1: fjmuller (small blind) folded before Flop
Seat 2: SorokkoPavel (big blind) folded before Flop
Seat 3: realmadrid18win showed [Ah Jh] and lost with a pair of Threes (cashed out).
Seat 4: hesc a. folded before Flop (didn't bet)
Seat 5: agustin10442 folded before Flop (didn't bet)
Seat 7: Cruccio.1 folded before Flop (didn't bet)
Seat 8: JUMER989 showed [8s 9s] and won ($0.61) with two pair, Nines and Threes
Seat 9: Dorex2007 (button) folded before Flop (didn't bet)



PokerStars Hand #232795880672:  Hold'em No Limit ($0.01/$0.02 USD) - 2022/01/03 17:03:36 PT [2022/01/03 20:03:36 ET]
Table 'Kriemhild IV' 9-max Seat #1 is the button
Seat 1: fjmuller ($1.26 in chips) 
Seat 2: SorokkoPavel ($2 in chips) 
Seat 3: realmadrid18win ($0.32 in chips) 
Seat 4: hesc a. ($1.70 in chips) 
Seat 5: agustin10442 ($0.36 in chips) 
Seat 7: Cruccio.1 ($1.43 in chips) 
Seat 8: JUMER989 ($1.95 in chips) 
Seat 9: Dorex2007 ($2.20 in chips) 
SorokkoPavel: posts small blind $0.01
realmadrid18win: posts big blind $0.02
Stephanpr: sits out 
*** HOLE CARDS ***
Dealt to Dorex2007 [6h 8c]
hesc a.: folds 
agustin10442: folds 
Cruccio.1: folds 
JUMER989: folds 
Dorex2007: folds 
fjmuller: folds 
SorokkoPavel: raises $0.03 to $0.05
realmadrid18win: folds 
Uncalled bet ($0.03) returned to SorokkoPavel
SorokkoPavel collected $0.04 from pot
SorokkoPavel: doesn't show hand 
*** SUMMARY ***
Total pot $0.04 | Rake $0 
Seat 1: fjmuller (button) folded before Flop (didn't bet)
Seat 2: SorokkoPavel (small blind) collected ($0.04)
Seat 3: realmadrid18win (big blind) folded before Flop
Seat 4: hesc a. folded before Flop (didn't bet)
Seat 5: agustin10442 folded before Flop (didn't bet)
Seat 7: Cruccio.1 folded before Flop (didn't bet)
Seat 8: JUMER989 folded before Flop (didn't bet)
Seat 9: Dorex2007 folded before Flop (didn't bet)



