PokerStars Hand #236910522446:  Hold'em No Limit ($0.01/$0.02 USD) - 2022/06/21 21:46:29 PT [2022/06/22 0:46:29 ET]
Table 'Venusia II' 9-max Seat #6 is the button
Seat 1: deileon ($0.79 in chips) 
Seat 2: TaxedToDeath ($2.03 in chips) 
Seat 3: *VM*727 ($1.96 in chips) 
Seat 4: CestLavie95 ($3.42 in chips) 
Seat 5: Dorex2007 ($2 in chips) 
Seat 6: wALEXSANDRw ($1.70 in chips) 
Seat 7: riddick697 ($1.13 in chips) 
Seat 8: Zakeeeu ($2.33 in chips) 
Seat 9: PeeStiffy ($4.18 in chips) 
riddick697: posts small blind $0.01
Zakeeeu: posts big blind $0.02
Dorex2007: posts big blind $0.02
*** HOLE CARDS ***
Dealt to Dorex2007 [4s Ad]
PeeStiffy: folds 
deileon: folds 
TaxedToDeath: folds 
*VM*727: calls $0.02
CestLavie95: raises $0.08 to $0.10
Dorex2007: folds 
wALEXSANDRw: folds 
riddick697: folds 
Zakeeeu: folds 
*VM*727: folds 
Uncalled bet ($0.08) returned to CestLavie95
CestLavie95 collected $0.09 from pot
CestLavie95: doesn't show hand 
*** SUMMARY ***
Total pot $0.09 | Rake $0 
Seat 1: deileon folded before Flop (didn't bet)
Seat 2: TaxedToDeath folded before Flop (didn't bet)
Seat 3: *VM*727 folded before Flop
Seat 4: CestLavie95 collected ($0.09)
Seat 5: Dorex2007 folded before Flop (didn't bet)
Seat 6: wALEXSANDRw (button) folded before Flop (didn't bet)
Seat 7: riddick697 (small blind) folded before Flop
Seat 8: Zakeeeu (big blind) folded before Flop
Seat 9: PeeStiffy folded before Flop (didn't bet)



PokerStars Hand #236910526262:  Hold'em No Limit ($0.01/$0.02 USD) - 2022/06/21 21:47:00 PT [2022/06/22 0:47:00 ET]
Table 'Venusia II' 9-max Seat #7 is the button
Seat 1: deileon ($0.79 in chips) 
Seat 2: TaxedToDeath ($2.03 in chips) 
Seat 3: *VM*727 ($1.94 in chips) 
Seat 4: CestLavie95 ($3.49 in chips) 
Seat 5: Dorex2007 ($2 in chips) 
Seat 6: wALEXSANDRw ($1.70 in chips) 
Seat 7: riddick697 ($1.12 in chips) 
Seat 8: Zakeeeu ($2.31 in chips) 
Seat 9: PeeStiffy ($4.18 in chips) 
Zakeeeu: posts small blind $0.01
PeeStiffy: posts big blind $0.02
*** HOLE CARDS ***
Dealt to Dorex2007 [2s Qc]
deileon: folds 
TaxedToDeath: folds 
*VM*727: calls $0.02
CestLavie95: folds 
Dorex2007: folds 
wALEXSANDRw: calls $0.02
riddick697: calls $0.02
Zakeeeu: folds 
PeeStiffy: checks 
*** FLOP *** [Ks 3c 3h]
PeeStiffy: checks 
*VM*727: checks 
wALEXSANDRw: checks 
riddick697: checks 
*** TURN *** [Ks 3c 3h] [3d]
PeeStiffy: bets $0.03
*VM*727: calls $0.03
wALEXSANDRw: folds 
riddick697: folds 
*** RIVER *** [Ks 3c 3h 3d] [2h]
PeeStiffy: bets $0.11
*VM*727: calls $0.11
*** SHOW DOWN ***
PeeStiffy: shows [5h Ts] (three of a kind, Threes)
*VM*727: shows [Kh 6h] (a full house, Threes full of Kings)
*VM*727 collected $0.36 from pot
*** SUMMARY ***
Total pot $0.37 | Rake $0.01 
Board [Ks 3c 3h 3d 2h]
Seat 1: deileon folded before Flop (didn't bet)
Seat 2: TaxedToDeath folded before Flop (didn't bet)
Seat 3: *VM*727 showed [Kh 6h] and won ($0.36) with a full house, Threes full of Kings
Seat 4: CestLavie95 folded before Flop (didn't bet)
Seat 5: Dorex2007 folded before Flop (didn't bet)
Seat 6: wALEXSANDRw folded on the Turn
Seat 7: riddick697 (button) folded on the Turn
Seat 8: Zakeeeu (small blind) folded before Flop
Seat 9: PeeStiffy (big blind) showed [5h Ts] and lost with three of a kind, Threes



PokerStars Hand #236910533725:  Hold'em No Limit ($0.01/$0.02 USD) - 2022/06/21 21:48:03 PT [2022/06/22 0:48:03 ET]
Table 'Venusia II' 9-max Seat #8 is the button
Seat 1: deileon ($0.79 in chips) 
Seat 2: TaxedToDeath ($2.03 in chips) 
Seat 3: *VM*727 ($2.14 in chips) 
Seat 4: CestLavie95 ($3.49 in chips) 
Seat 5: Dorex2007 ($2 in chips) 
Seat 6: wALEXSANDRw ($1.68 in chips) 
Seat 7: riddick697 ($1.10 in chips) 
Seat 8: Zakeeeu ($2.30 in chips) 
Seat 9: PeeStiffy ($4.02 in chips) 
PeeStiffy: posts small blind $0.01
deileon: posts big blind $0.02
*** HOLE CARDS ***
Dealt to Dorex2007 [3h 8d]
TaxedToDeath: folds 
*VM*727: folds 
CestLavie95: folds 
Dorex2007: folds 
wALEXSANDRw: folds 
riddick697: calls $0.02
Zakeeeu: folds 
PeeStiffy: calls $0.01
deileon: checks 
*** FLOP *** [5s 9c As]
PeeStiffy: checks 
deileon: checks 
riddick697: checks 
*** TURN *** [5s 9c As] [3d]
PeeStiffy: checks 
deileon: checks 
riddick697: checks 
*** RIVER *** [5s 9c As 3d] [6s]
PeeStiffy: bets $0.06
*VM*727 is disconnected 
deileon: folds 
riddick697: folds 
Uncalled bet ($0.06) returned to PeeStiffy
PeeStiffy collected $0.06 from pot
*** SUMMARY ***
Total pot $0.06 | Rake $0 
Board [5s 9c As 3d 6s]
Seat 1: deileon (big blind) folded on the River
Seat 2: TaxedToDeath folded before Flop (didn't bet)
Seat 3: *VM*727 folded before Flop (didn't bet)
Seat 4: CestLavie95 folded before Flop (didn't bet)
Seat 5: Dorex2007 folded before Flop (didn't bet)
Seat 6: wALEXSANDRw folded before Flop (didn't bet)
Seat 7: riddick697 folded on the River
Seat 8: Zakeeeu (button) folded before Flop (didn't bet)
Seat 9: PeeStiffy (small blind) collected ($0.06)



PokerStars Hand #236910544874:  Hold'em No Limit ($0.01/$0.02 USD) - 2022/06/21 21:49:01 PT [2022/06/22 0:49:01 ET]
Table 'Venusia II' 9-max Seat #9 is the button
Seat 1: deileon ($0.77 in chips) 
Seat 2: TaxedToDeath ($2.03 in chips) 
Seat 3: *VM*727 ($2.14 in chips) 
Seat 4: CestLavie95 ($3.49 in chips) 
Seat 5: Dorex2007 ($2 in chips) 
Seat 6: wALEXSANDRw ($1.68 in chips) 
Seat 7: riddick697 ($1.08 in chips) 
Seat 8: Zakeeeu ($2.30 in chips) 
Seat 9: PeeStiffy ($4.06 in chips) 
deileon: posts small blind $0.01
TaxedToDeath: posts big blind $0.02
*** HOLE CARDS ***
Dealt to Dorex2007 [Qs Th]
*VM*727: folds 
CestLavie95: folds 
Dorex2007: folds 
wALEXSANDRw: raises $0.02 to $0.04
riddick697: calls $0.04
Zakeeeu: folds 
PeeStiffy: folds 
deileon: folds 
TaxedToDeath: folds 
*** FLOP *** [9c 4c As]
wALEXSANDRw: checks 
riddick697: bets $0.02
wALEXSANDRw: calls $0.02
*** TURN *** [9c 4c As] [8s]
wALEXSANDRw: checks 
riddick697: bets $0.02
wALEXSANDRw: calls $0.02
*** RIVER *** [9c 4c As 8s] [3d]
wALEXSANDRw: checks 
riddick697: bets $0.02
wALEXSANDRw: folds 
Uncalled bet ($0.02) returned to riddick697
riddick697 collected $0.18 from pot
riddick697: doesn't show hand 
*** SUMMARY ***
Total pot $0.19 | Rake $0.01 
Board [9c 4c As 8s 3d]
Seat 1: deileon (small blind) folded before Flop
Seat 2: TaxedToDeath (big blind) folded before Flop
Seat 3: *VM*727 folded before Flop (didn't bet)
Seat 4: CestLavie95 folded before Flop (didn't bet)
Seat 5: Dorex2007 folded before Flop (didn't bet)
Seat 6: wALEXSANDRw folded on the River
Seat 7: riddick697 collected ($0.18)
Seat 8: Zakeeeu folded before Flop (didn't bet)
Seat 9: PeeStiffy (button) folded before Flop (didn't bet)



PokerStars Hand #236910552379:  Hold'em No Limit ($0.01/$0.02 USD) - 2022/06/21 21:50:02 PT [2022/06/22 0:50:02 ET]
Table 'Venusia II' 9-max Seat #1 is the button
Seat 1: deileon ($0.76 in chips) 
Seat 2: TaxedToDeath ($2.01 in chips) 
Seat 3: *VM*727 ($2.14 in chips) 
Seat 4: CestLavie95 ($3.49 in chips) 
Seat 5: Dorex2007 ($2 in chips) 
Seat 6: wALEXSANDRw ($1.60 in chips) 
Seat 7: riddick697 ($1.18 in chips) 
Seat 8: Zakeeeu ($2.30 in chips) 
Seat 9: PeeStiffy ($4.06 in chips) 
TaxedToDeath: posts small blind $0.01
*VM*727: posts big blind $0.02
*** HOLE CARDS ***
Dealt to Dorex2007 [Tc Js]
CestLavie95: folds 
Dorex2007: calls $0.02
wALEXSANDRw: calls $0.02
riddick697: folds 
Zakeeeu: folds 
PeeStiffy: folds 
deileon: folds 
TaxedToDeath: calls $0.01
riddick697 leaves the table
*VM*727: checks 
*** FLOP *** [5c 2h 7d]
TaxedToDeath: checks 
*VM*727: checks 
Dorex2007: checks 
wALEXSANDRw: checks 
*** TURN *** [5c 2h 7d] [6c]
TaxedToDeath: checks 
*VM*727: bets $0.04
Dorex2007: folds 
OSziPhone joins the table at seat #7 
wALEXSANDRw: calls $0.04
TaxedToDeath: calls $0.04
*** RIVER *** [5c 2h 7d 6c] [5d]
TaxedToDeath: checks 
*VM*727: bets $0.02
wALEXSANDRw: raises $0.06 to $0.08
TaxedToDeath: folds 
*VM*727: calls $0.06
*** SHOW DOWN ***
wALEXSANDRw: shows [8s 4s] (a straight, Four to Eight)
*VM*727: mucks hand 
wALEXSANDRw collected $0.35 from pot
*** SUMMARY ***
Total pot $0.36 | Rake $0.01 
Board [5c 2h 7d 6c 5d]
Seat 1: deileon (button) folded before Flop (didn't bet)
Seat 2: TaxedToDeath (small blind) folded on the River
Seat 3: *VM*727 (big blind) mucked [6s 7c]
Seat 4: CestLavie95 folded before Flop (didn't bet)
Seat 5: Dorex2007 folded on the Turn
Seat 6: wALEXSANDRw showed [8s 4s] and won ($0.35) with a straight, Four to Eight
Seat 7: riddick697 folded before Flop (didn't bet)
Seat 8: Zakeeeu folded before Flop (didn't bet)
Seat 9: PeeStiffy folded before Flop (didn't bet)



PokerStars Hand #236910560908:  Hold'em No Limit ($0.01/$0.02 USD) - 2022/06/21 21:51:13 PT [2022/06/22 0:51:13 ET]
Table 'Venusia II' 9-max Seat #2 is the button
Seat 1: deileon ($0.76 in chips) 
Seat 2: TaxedToDeath ($2 in chips) 
Seat 3: *VM*727 ($2 in chips) 
Seat 4: CestLavie95 ($3.49 in chips) 
Seat 5: Dorex2007 ($2 in chips) 
Seat 6: wALEXSANDRw ($1.81 in chips) 
Seat 8: Zakeeeu ($2.30 in chips) 
Seat 9: PeeStiffy ($4.06 in chips) 
*VM*727: posts small blind $0.01
CestLavie95: posts big blind $0.02
OSziPhone: sits out 
*** HOLE CARDS ***
Dealt to Dorex2007 [Ad 3c]
Dorex2007: folds 
wALEXSANDRw: folds 
Zakeeeu: folds 
PeeStiffy has timed out
PeeStiffy: folds 
deileon: folds 
TaxedToDeath: folds 
*VM*727: raises $0.02 to $0.04
CestLavie95: calls $0.02
*** FLOP *** [Ks Js 6s]
*VM*727: checks 
CestLavie95: checks 
*** TURN *** [Ks Js 6s] [7d]
*VM*727: bets $0.04
CestLavie95: folds 
Uncalled bet ($0.04) returned to *VM*727
*VM*727 collected $0.08 from pot
*VM*727: doesn't show hand 
*** SUMMARY ***
Total pot $0.08 | Rake $0 
Board [Ks Js 6s 7d]
Seat 1: deileon folded before Flop (didn't bet)
Seat 2: TaxedToDeath (button) folded before Flop (didn't bet)
Seat 3: *VM*727 (small blind) collected ($0.08)
Seat 4: CestLavie95 (big blind) folded on the Turn
Seat 5: Dorex2007 folded before Flop (didn't bet)
Seat 6: wALEXSANDRw folded before Flop (didn't bet)
Seat 8: Zakeeeu folded before Flop (didn't bet)
Seat 9: PeeStiffy folded before Flop (didn't bet)



PokerStars Hand #236910567585:  Hold'em No Limit ($0.01/$0.02 USD) - 2022/06/21 21:52:08 PT [2022/06/22 0:52:08 ET]
Table 'Venusia II' 9-max Seat #3 is the button
Seat 1: deileon ($0.76 in chips) 
Seat 2: TaxedToDeath ($2 in chips) 
Seat 3: *VM*727 ($2.04 in chips) 
Seat 4: CestLavie95 ($3.45 in chips) 
Seat 5: Dorex2007 ($2 in chips) 
Seat 6: wALEXSANDRw ($1.81 in chips) 
Seat 8: Zakeeeu ($2.30 in chips) 
Seat 9: PeeStiffy ($4.06 in chips) 
CestLavie95: posts small blind $0.01
Dorex2007: posts big blind $0.02
OSziPhone: sits out 
*** HOLE CARDS ***
Dealt to Dorex2007 [4d 4c]
wALEXSANDRw: folds 
Zakeeeu: folds 
PeeStiffy: folds 
deileon: folds 
TaxedToDeath: folds 
*VM*727: calls $0.02
CestLavie95: folds 
Dorex2007: checks 
*** FLOP *** [9h 8c 3c]
Dorex2007: checks 
*VM*727: bets $0.02
Dorex2007: calls $0.02
*** TURN *** [9h 8c 3c] [4s]
Dorex2007: bets $0.06
*VM*727: calls $0.06
*** RIVER *** [9h 8c 3c 4s] [7h]
Dorex2007: bets $0.20
*VM*727: raises $0.60 to $0.80
Dorex2007: calls $0.60
*** SHOW DOWN ***
*VM*727: shows [Jc Tc] (a straight, Seven to Jack)
Dorex2007: mucks hand 
*VM*727 collected $1.75 from pot
*** SUMMARY ***
Total pot $1.81 | Rake $0.06 
Board [9h 8c 3c 4s 7h]
Seat 1: deileon folded before Flop (didn't bet)
Seat 2: TaxedToDeath folded before Flop (didn't bet)
Seat 3: *VM*727 (button) showed [Jc Tc] and won ($1.75) with a straight, Seven to Jack
Seat 4: CestLavie95 (small blind) folded before Flop
Seat 5: Dorex2007 (big blind) mucked [4d 4c]
Seat 6: wALEXSANDRw folded before Flop (didn't bet)
Seat 8: Zakeeeu folded before Flop (didn't bet)
Seat 9: PeeStiffy folded before Flop (didn't bet)



PokerStars Hand #236910577391:  Hold'em No Limit ($0.01/$0.02 USD) - 2022/06/21 21:53:30 PT [2022/06/22 0:53:30 ET]
Table 'Venusia II' 9-max Seat #4 is the button
Seat 1: deileon ($0.76 in chips) 
Seat 2: TaxedToDeath ($2 in chips) 
Seat 3: *VM*727 ($2.89 in chips) 
Seat 4: CestLavie95 ($3.44 in chips) 
Seat 5: Dorex2007 ($2 in chips) 
Seat 6: wALEXSANDRw ($1.81 in chips) 
Seat 8: Zakeeeu ($2.30 in chips) 
Seat 9: PeeStiffy ($4.06 in chips) 
Dorex2007: posts small blind $0.01
wALEXSANDRw: posts big blind $0.02
OSziPhone: sits out 
*** HOLE CARDS ***
Dealt to Dorex2007 [8d 6s]
Zakeeeu: folds 
PeeStiffy: folds 
deileon: folds 
TaxedToDeath: folds 
*VM*727: calls $0.02
CestLavie95: folds 
Dorex2007: folds 
wALEXSANDRw: checks 
*** FLOP *** [8s 3s Qh]
wALEXSANDRw: checks 
*VM*727: checks 
*** TURN *** [8s 3s Qh] [2d]
wALEXSANDRw: checks 
OSziPhone leaves the table
*VM*727: checks 
*** RIVER *** [8s 3s Qh 2d] [Kh]
wALEXSANDRw: checks 
*VM*727: checks 
*** SHOW DOWN ***
wALEXSANDRw: shows [3d 6d] (a pair of Threes)
*VM*727: mucks hand 
wALEXSANDRw collected $0.05 from pot
*** SUMMARY ***
Total pot $0.05 | Rake $0 
Board [8s 3s Qh 2d Kh]
Seat 1: deileon folded before Flop (didn't bet)
Seat 2: TaxedToDeath folded before Flop (didn't bet)
Seat 3: *VM*727 mucked [Ad 5c]
Seat 4: CestLavie95 (button) folded before Flop (didn't bet)
Seat 5: Dorex2007 (small blind) folded before Flop
Seat 6: wALEXSANDRw (big blind) showed [3d 6d] and won ($0.05) with a pair of Threes
Seat 8: Zakeeeu folded before Flop (didn't bet)
Seat 9: PeeStiffy folded before Flop (didn't bet)



PokerStars Hand #236910581790:  Hold'em No Limit ($0.01/$0.02 USD) - 2022/06/21 21:54:07 PT [2022/06/22 0:54:07 ET]
Table 'Venusia II' 9-max Seat #5 is the button
Seat 1: deileon ($0.76 in chips) 
Seat 2: TaxedToDeath ($2 in chips) 
Seat 3: *VM*727 ($2.87 in chips) 
Seat 4: CestLavie95 ($3.44 in chips) 
Seat 5: Dorex2007 ($2 in chips) 
Seat 6: wALEXSANDRw ($1.84 in chips) 
Seat 8: Zakeeeu ($2.30 in chips) 
Seat 9: PeeStiffy ($4.06 in chips) 
wALEXSANDRw: posts small blind $0.01
Zakeeeu: posts big blind $0.02
*** HOLE CARDS ***
Dealt to Dorex2007 [5d Qs]
PeeStiffy: raises $0.03 to $0.05
deileon: folds 
TaxedToDeath: calls $0.05
*VM*727: folds 
CestLavie95: folds 
Dorex2007: folds 
wALEXSANDRw: folds 
Zakeeeu: calls $0.03
*** FLOP *** [Kh 3d Ts]
Zakeeeu: checks 
PeeStiffy: checks 
TaxedToDeath: checks 
*** TURN *** [Kh 3d Ts] [8c]
Zakeeeu: checks 
PeeStiffy: checks 
TaxedToDeath: bets $0.04
Zakeeeu: folds 
PeeStiffy: calls $0.04
*** RIVER *** [Kh 3d Ts 8c] [9c]
PeeStiffy: checks 
TaxedToDeath: checks 
*** SHOW DOWN ***
PeeStiffy: shows [6c 7c] (a straight, Six to Ten)
TaxedToDeath: mucks hand 
PeeStiffy collected $0.23 from pot
*** SUMMARY ***
Total pot $0.24 | Rake $0.01 
Board [Kh 3d Ts 8c 9c]
Seat 1: deileon folded before Flop (didn't bet)
Seat 2: TaxedToDeath mucked [Ac Kc]
Seat 3: *VM*727 folded before Flop (didn't bet)
Seat 4: CestLavie95 folded before Flop (didn't bet)
Seat 5: Dorex2007 (button) folded before Flop (didn't bet)
Seat 6: wALEXSANDRw (small blind) folded before Flop
Seat 8: Zakeeeu (big blind) folded on the Turn
Seat 9: PeeStiffy showed [6c 7c] and won ($0.23) with a straight, Six to Ten



PokerStars Hand #236910589999:  Hold'em No Limit ($0.01/$0.02 USD) - 2022/06/21 21:55:16 PT [2022/06/22 0:55:16 ET]
Table 'Venusia II' 9-max Seat #6 is the button
Seat 1: deileon ($0.76 in chips) 
Seat 2: TaxedToDeath ($1.91 in chips) 
Seat 3: *VM*727 ($2.87 in chips) 
Seat 4: CestLavie95 ($3.44 in chips) 
Seat 5: Dorex2007 ($2 in chips) 
Seat 6: wALEXSANDRw ($1.83 in chips) 
Seat 8: Zakeeeu ($2.25 in chips) 
Seat 9: PeeStiffy ($4.20 in chips) 
Zakeeeu: posts small blind $0.01
PeeStiffy: posts big blind $0.02
*** HOLE CARDS ***
Dealt to Dorex2007 [3d 3s]
deileon: folds 
TaxedToDeath: folds 
*VM*727: folds 
CestLavie95: folds 
TaxedToDeath leaves the table
Dorex2007 has timed out
Dorex2007: folds 
wALEXSANDRw: raises $0.04 to $0.06
Zakeeeu: calls $0.05
PeeStiffy: folds 
*** FLOP *** [9h Qh Th]
Zakeeeu: checks 
wALEXSANDRw: bets $0.04
Zakeeeu: folds 
Uncalled bet ($0.04) returned to wALEXSANDRw
wALEXSANDRw collected $0.14 from pot
wALEXSANDRw: doesn't show hand 
*** SUMMARY ***
Total pot $0.14 | Rake $0 
Board [9h Qh Th]
Seat 1: deileon folded before Flop (didn't bet)
Seat 2: TaxedToDeath folded before Flop (didn't bet)
Seat 3: *VM*727 folded before Flop (didn't bet)
Seat 4: CestLavie95 folded before Flop (didn't bet)
Seat 5: Dorex2007 folded before Flop (didn't bet)
Seat 6: wALEXSANDRw (button) collected ($0.14)
Seat 8: Zakeeeu (small blind) folded on the Flop
Seat 9: PeeStiffy (big blind) folded before Flop



PokerStars Hand #236910593584:  Hold'em No Limit ($0.01/$0.02 USD) - 2022/06/21 21:55:51 PT [2022/06/22 0:55:51 ET]
Table 'Venusia II' 9-max Seat #8 is the button
Seat 3: *VM*727 ($2.87 in chips) 
Seat 4: CestLavie95 ($3.44 in chips) 
Seat 5: Dorex2007 ($2 in chips) 
Seat 6: wALEXSANDRw ($1.91 in chips) 
Seat 8: Zakeeeu ($2.19 in chips) 
Seat 9: PeeStiffy ($4.18 in chips) 
PeeStiffy: posts small blind $0.01
deileon: is sitting out 
*VM*727: posts big blind $0.02
*** HOLE CARDS ***
Dealt to Dorex2007 [6h 8c]
CestLavie95: calls $0.02
Dorex2007: folds 
wALEXSANDRw: raises $0.06 to $0.08
Zakeeeu: folds 
PeeStiffy: folds 
*VM*727: folds 
CestLavie95: calls $0.06
*** FLOP *** [8s Qh Jd]
*VM*727 leaves the table
CestLavie95: checks 
wALEXSANDRw: bets $0.06
CestLavie95: folds 
Uncalled bet ($0.06) returned to wALEXSANDRw
wALEXSANDRw collected $0.18 from pot
wALEXSANDRw: doesn't show hand 
*** SUMMARY ***
Total pot $0.19 | Rake $0.01 
Board [8s Qh Jd]
Seat 3: *VM*727 (big blind) folded before Flop
Seat 4: CestLavie95 folded on the Flop
Seat 5: Dorex2007 folded before Flop (didn't bet)
Seat 6: wALEXSANDRw collected ($0.18)
Seat 8: Zakeeeu (button) folded before Flop (didn't bet)
Seat 9: PeeStiffy (small blind) folded before Flop



PokerStars Hand #236910597289:  Hold'em No Limit ($0.01/$0.02 USD) - 2022/06/21 21:56:27 PT [2022/06/22 0:56:27 ET]
Table 'Venusia II' 9-max Seat #9 is the button
Seat 4: CestLavie95 ($3.36 in chips) 
Seat 5: Dorex2007 ($2 in chips) 
Seat 6: wALEXSANDRw ($2.01 in chips) 
Seat 8: Zakeeeu ($2.19 in chips) 
Seat 9: PeeStiffy ($4.17 in chips) 
CestLavie95: posts small blind $0.01
Dorex2007: posts big blind $0.02
*** HOLE CARDS ***
Dealt to Dorex2007 [2h 4s]
wALEXSANDRw: folds 
Zakeeeu: folds 
PeeStiffy: folds 
CestLavie95: folds 
Uncalled bet ($0.01) returned to Dorex2007
Dorex2007 collected $0.02 from pot
Dorex2007: doesn't show hand 
*** SUMMARY ***
Total pot $0.02 | Rake $0 
Seat 4: CestLavie95 (small blind) folded before Flop
Seat 5: Dorex2007 (big blind) collected ($0.02)
Seat 6: wALEXSANDRw folded before Flop (didn't bet)
Seat 8: Zakeeeu folded before Flop (didn't bet)
Seat 9: PeeStiffy (button) folded before Flop (didn't bet)



PokerStars Hand #236910598155:  Hold'em No Limit ($0.01/$0.02 USD) - 2022/06/21 21:56:36 PT [2022/06/22 0:56:36 ET]
Table 'Venusia II' 9-max Seat #4 is the button
Seat 4: CestLavie95 ($3.35 in chips) 
Seat 5: Dorex2007 ($2.01 in chips) 
Seat 6: wALEXSANDRw ($2.01 in chips) 
Seat 8: Zakeeeu ($2.19 in chips) 
Seat 9: PeeStiffy ($4.17 in chips) 
Dorex2007: posts small blind $0.01
wALEXSANDRw: posts big blind $0.02
*** HOLE CARDS ***
Dealt to Dorex2007 [4s Qc]
deileon leaves the table
Zakeeeu: folds 
Vegeta1912 joins the table at seat #7 
PeeStiffy: folds 
CestLavie95: folds 
Dorex2007: folds 
Uncalled bet ($0.01) returned to wALEXSANDRw
wALEXSANDRw collected $0.02 from pot
wALEXSANDRw: doesn't show hand 
*** SUMMARY ***
Total pot $0.02 | Rake $0 
Seat 4: CestLavie95 (button) folded before Flop (didn't bet)
Seat 5: Dorex2007 (small blind) folded before Flop
Seat 6: wALEXSANDRw (big blind) collected ($0.02)
Seat 8: Zakeeeu folded before Flop (didn't bet)
Seat 9: PeeStiffy folded before Flop (didn't bet)



