PokerStars Hand #238446813090:  Hold'em No Limit ($0.02/$0.05 USD) - 2022/09/05 21:00:24 PT [2022/09/06 0:00:24 ET]
Table 'Raphaela' 9-max Seat #4 is the button
Seat 1: BluffOnTable ($5 in chips) 
Seat 3: alan27924 ($5.64 in chips) 
Seat 4: bictor308 ($1.84 in chips) 
Seat 5: Sr ÁviIa ($2.80 in chips) 
Seat 6: WiseWolf71 ($3.96 in chips) 
Seat 7: lucifergaia ($11.56 in chips) 
Seat 8: Dorex2007 ($5.20 in chips) 
Seat 9: Toti Davalos ($7.49 in chips) 
Sr ÁviIa: posts small blind $0.02
WiseWolf71: posts big blind $0.05
dvdhmstar: sits out 
*** HOLE CARDS ***
Dealt to Dorex2007 [5c Ad]
lucifergaia: raises $0.12 to $0.17
Dorex2007: folds 
Toti Davalos: folds 
BluffOnTable: folds 
alan27924: folds 
bictor308: folds 
Sr ÁviIa: folds 
WiseWolf71: folds 
Uncalled bet ($0.12) returned to lucifergaia
lucifergaia collected $0.12 from pot
lucifergaia: doesn't show hand 
*** SUMMARY ***
Total pot $0.12 | Rake $0 
Seat 1: BluffOnTable folded before Flop (didn't bet)
Seat 3: alan27924 folded before Flop (didn't bet)
Seat 4: bictor308 (button) folded before Flop (didn't bet)
Seat 5: Sr ÁviIa (small blind) folded before Flop
Seat 6: WiseWolf71 (big blind) folded before Flop
Seat 7: lucifergaia collected ($0.12)
Seat 8: Dorex2007 folded before Flop (didn't bet)
Seat 9: Toti Davalos folded before Flop (didn't bet)



PokerStars Hand #238446815827:  Hold'em No Limit ($0.02/$0.05 USD) - 2022/09/05 21:00:48 PT [2022/09/06 0:00:48 ET]
Table 'Raphaela' 9-max Seat #5 is the button
Seat 1: BluffOnTable ($5 in chips) 
Seat 3: alan27924 ($5.64 in chips) 
Seat 4: bictor308 ($1.84 in chips) 
Seat 5: Sr ÁviIa ($2.78 in chips) 
Seat 6: WiseWolf71 ($3.91 in chips) 
Seat 7: lucifergaia ($11.63 in chips) 
Seat 8: Dorex2007 ($5.20 in chips) 
Seat 9: Toti Davalos ($7.49 in chips) 
WiseWolf71: posts small blind $0.02
lucifergaia: posts big blind $0.05
dvdhmstar: sits out 
*** HOLE CARDS ***
Dealt to Dorex2007 [6d 6c]
Dorex2007: calls $0.05
Toti Davalos: folds 
BluffOnTable: folds 
alan27924: folds 
bictor308: folds 
Sr ÁviIa: raises $0.15 to $0.20
WiseWolf71: folds 
lucifergaia: folds 
Dorex2007: calls $0.15
*** FLOP *** [2d 6h 5s]
Dorex2007: checks 
Sr ÁviIa: checks 
*** TURN *** [2d 6h 5s] [7s]
Dorex2007: checks 
Sr ÁviIa: bets $0.15
Dorex2007: calls $0.15
*** RIVER *** [2d 6h 5s 7s] [5c]
Dorex2007: bets $0.74
Sr ÁviIa: folds 
Uncalled bet ($0.74) returned to Dorex2007
Dorex2007 collected $0.74 from pot
Dorex2007: doesn't show hand 
*** SUMMARY ***
Total pot $0.77 | Rake $0.03 
Board [2d 6h 5s 7s 5c]
Seat 1: BluffOnTable folded before Flop (didn't bet)
Seat 3: alan27924 folded before Flop (didn't bet)
Seat 4: bictor308 folded before Flop (didn't bet)
Seat 5: Sr ÁviIa (button) folded on the River
Seat 6: WiseWolf71 (small blind) folded before Flop
Seat 7: lucifergaia (big blind) folded before Flop
Seat 8: Dorex2007 collected ($0.74)
Seat 9: Toti Davalos folded before Flop (didn't bet)



PokerStars Hand #238446823756:  Hold'em No Limit ($0.02/$0.05 USD) - 2022/09/05 21:01:54 PT [2022/09/06 0:01:54 ET]
Table 'Raphaela' 9-max Seat #6 is the button
Seat 1: BluffOnTable ($5 in chips) 
Seat 3: alan27924 ($5.64 in chips) 
Seat 4: bictor308 ($1.84 in chips) 
Seat 5: Sr ÁviIa ($2.43 in chips) 
Seat 6: WiseWolf71 ($3.89 in chips) 
Seat 7: lucifergaia ($11.58 in chips) 
Seat 8: Dorex2007 ($5.59 in chips) 
Seat 9: Toti Davalos ($7.49 in chips) 
lucifergaia: posts small blind $0.02
Dorex2007: posts big blind $0.05
dvdhmstar: sits out 
*** HOLE CARDS ***
Dealt to Dorex2007 [Kc 2h]
Toti Davalos: folds 
BluffOnTable: raises $0.10 to $0.15
alan27924: calls $0.15
bictor308: folds 
Sr ÁviIa: folds 
WiseWolf71: calls $0.15
lucifergaia: folds 
Dorex2007: folds 
*** FLOP *** [6d 2d 7d]
BluffOnTable: bets $0.20
alan27924: calls $0.20
WiseWolf71: calls $0.20
*** TURN *** [6d 2d 7d] [3h]
BluffOnTable: checks 
alan27924: bets $0.53
WiseWolf71: calls $0.53
BluffOnTable: folds 
*** RIVER *** [6d 2d 7d 3h] [2c]
alan27924: bets $1.04
WiseWolf71: calls $1.04
*** SHOW DOWN ***
alan27924: shows [Ac As] (two pair, Aces and Deuces)
WiseWolf71: mucks hand 
alan27924 collected $4.08 from pot
*** SUMMARY ***
Total pot $4.26 | Rake $0.18 
Board [6d 2d 7d 3h 2c]
Seat 1: BluffOnTable folded on the Turn
Seat 3: alan27924 showed [Ac As] and won ($4.08) with two pair, Aces and Deuces
Seat 4: bictor308 folded before Flop (didn't bet)
Seat 5: Sr ÁviIa folded before Flop (didn't bet)
Seat 6: WiseWolf71 (button) mucked [7h 6c]
Seat 7: lucifergaia (small blind) folded before Flop
Seat 8: Dorex2007 (big blind) folded before Flop
Seat 9: Toti Davalos folded before Flop (didn't bet)



PokerStars Hand #238446832370:  Hold'em No Limit ($0.02/$0.05 USD) - 2022/09/05 21:03:05 PT [2022/09/06 0:03:05 ET]
Table 'Raphaela' 9-max Seat #7 is the button
Seat 1: BluffOnTable ($5 in chips) 
Seat 3: alan27924 ($7.80 in chips) 
Seat 4: bictor308 ($1.84 in chips) 
Seat 5: Sr ÁviIa ($2.43 in chips) 
Seat 6: WiseWolf71 ($1.97 in chips) 
Seat 7: lucifergaia ($11.56 in chips) 
Seat 8: Dorex2007 ($5.54 in chips) 
Seat 9: Toti Davalos ($7.49 in chips) 
Dorex2007: posts small blind $0.02
Toti Davalos: posts big blind $0.05
dvdhmstar: sits out 
*** HOLE CARDS ***
Dealt to Dorex2007 [Th 3c]
BluffOnTable: folds 
alan27924: folds 
bictor308: calls $0.05
Sr ÁviIa: raises $0.20 to $0.25
WiseWolf71: folds 
lucifergaia: folds 
Dorex2007: folds 
Toti Davalos: folds 
bictor308: folds 
Uncalled bet ($0.20) returned to Sr ÁviIa
Sr ÁviIa collected $0.17 from pot
Sr ÁviIa: doesn't show hand 
*** SUMMARY ***
Total pot $0.17 | Rake $0 
Seat 1: BluffOnTable folded before Flop (didn't bet)
Seat 3: alan27924 folded before Flop (didn't bet)
Seat 4: bictor308 folded before Flop
Seat 5: Sr ÁviIa collected ($0.17)
Seat 6: WiseWolf71 folded before Flop (didn't bet)
Seat 7: lucifergaia (button) folded before Flop (didn't bet)
Seat 8: Dorex2007 (small blind) folded before Flop
Seat 9: Toti Davalos (big blind) folded before Flop



PokerStars Hand #238446835774:  Hold'em No Limit ($0.02/$0.05 USD) - 2022/09/05 21:03:33 PT [2022/09/06 0:03:33 ET]
Table 'Raphaela' 9-max Seat #8 is the button
Seat 1: BluffOnTable ($5 in chips) 
Seat 3: alan27924 ($7.80 in chips) 
Seat 4: bictor308 ($1.79 in chips) 
Seat 5: Sr ÁviIa ($2.55 in chips) 
Seat 6: WiseWolf71 ($1.97 in chips) 
Seat 7: lucifergaia ($11.56 in chips) 
Seat 8: Dorex2007 ($5.52 in chips) 
Seat 9: Toti Davalos ($7.44 in chips) 
Toti Davalos: posts small blind $0.02
BluffOnTable: posts big blind $0.05
dvdhmstar: sits out 
*** HOLE CARDS ***
Dealt to Dorex2007 [7h 8s]
alan27924: folds 
bictor308: folds 
Sr ÁviIa: folds 
WiseWolf71: folds 
lucifergaia: raises $0.12 to $0.17
Dorex2007: folds 
Toti Davalos: calls $0.15
BluffOnTable: raises $0.38 to $0.55
lucifergaia: folds 
Toti Davalos: folds 
Uncalled bet ($0.38) returned to BluffOnTable
BluffOnTable collected $0.51 from pot
BluffOnTable: doesn't show hand 
*** SUMMARY ***
Total pot $0.51 | Rake $0 
Seat 1: BluffOnTable (big blind) collected ($0.51)
Seat 3: alan27924 folded before Flop (didn't bet)
Seat 4: bictor308 folded before Flop (didn't bet)
Seat 5: Sr ÁviIa folded before Flop (didn't bet)
Seat 6: WiseWolf71 folded before Flop (didn't bet)
Seat 7: lucifergaia folded before Flop
Seat 8: Dorex2007 (button) folded before Flop (didn't bet)
Seat 9: Toti Davalos (small blind) folded before Flop



PokerStars Hand #238446839834:  Hold'em No Limit ($0.02/$0.05 USD) - 2022/09/05 21:04:06 PT [2022/09/06 0:04:06 ET]
Table 'Raphaela' 9-max Seat #9 is the button
Seat 1: BluffOnTable ($5.34 in chips) 
Seat 2: dvdhmstar ($5 in chips) 
Seat 3: alan27924 ($7.80 in chips) 
Seat 4: bictor308 ($1.79 in chips) 
Seat 5: Sr ÁviIa ($2.55 in chips) 
Seat 6: WiseWolf71 ($1.97 in chips) 
Seat 7: lucifergaia ($11.39 in chips) 
Seat 8: Dorex2007 ($5.52 in chips) 
Seat 9: Toti Davalos ($7.27 in chips) 
BluffOnTable: posts small blind $0.02
dvdhmstar: posts big blind $0.05
*** HOLE CARDS ***
Dealt to Dorex2007 [5d 5s]
alan27924: folds 
bictor308: calls $0.05
Sr ÁviIa: calls $0.05
WiseWolf71: folds 
lucifergaia: folds 
Dorex2007: folds 
Toti Davalos: folds 
BluffOnTable: calls $0.03
dvdhmstar: checks 
*** FLOP *** [9c Jd Qs]
BluffOnTable: checks 
dvdhmstar: checks 
bictor308: bets $0.09
Sr ÁviIa: folds 
BluffOnTable: calls $0.09
dvdhmstar: folds 
*** TURN *** [9c Jd Qs] [5c]
BluffOnTable: checks 
bictor308: bets $0.18
BluffOnTable: calls $0.18
*** RIVER *** [9c Jd Qs 5c] [Kd]
BluffOnTable: checks 
bictor308: bets $0.35
BluffOnTable: folds 
Uncalled bet ($0.35) returned to bictor308
bictor308 collected $0.71 from pot
bictor308: doesn't show hand 
*** SUMMARY ***
Total pot $0.74 | Rake $0.03 
Board [9c Jd Qs 5c Kd]
Seat 1: BluffOnTable (small blind) folded on the River
Seat 2: dvdhmstar (big blind) folded on the Flop
Seat 3: alan27924 folded before Flop (didn't bet)
Seat 4: bictor308 collected ($0.71)
Seat 5: Sr ÁviIa folded on the Flop
Seat 6: WiseWolf71 folded before Flop (didn't bet)
Seat 7: lucifergaia folded before Flop (didn't bet)
Seat 8: Dorex2007 folded before Flop (didn't bet)
Seat 9: Toti Davalos (button) folded before Flop (didn't bet)



PokerStars Hand #238446848723:  Hold'em No Limit ($0.02/$0.05 USD) - 2022/09/05 21:05:22 PT [2022/09/06 0:05:22 ET]
Table 'Raphaela' 9-max Seat #1 is the button
Seat 1: BluffOnTable ($5.02 in chips) 
Seat 2: dvdhmstar ($4.95 in chips) 
Seat 3: alan27924 ($7.80 in chips) 
Seat 4: bictor308 ($2.18 in chips) 
Seat 5: Sr ÁviIa ($2.50 in chips) 
Seat 6: WiseWolf71 ($1.97 in chips) 
Seat 7: lucifergaia ($11.39 in chips) 
Seat 8: Dorex2007 ($5.52 in chips) 
Seat 9: Toti Davalos ($7.27 in chips) 
dvdhmstar: posts small blind $0.02
alan27924: posts big blind $0.05
*** HOLE CARDS ***
Dealt to Dorex2007 [Kh Ks]
bictor308: calls $0.05
Sr ÁviIa: folds 
WiseWolf71: folds 
lucifergaia: folds 
Dorex2007: raises $0.17 to $0.22
Toti Davalos: folds 
BluffOnTable: folds 
dvdhmstar: folds 
alan27924: folds 
bictor308: folds 
Uncalled bet ($0.17) returned to Dorex2007
Dorex2007 collected $0.17 from pot
Dorex2007: doesn't show hand 
*** SUMMARY ***
Total pot $0.17 | Rake $0 
Seat 1: BluffOnTable (button) folded before Flop (didn't bet)
Seat 2: dvdhmstar (small blind) folded before Flop
Seat 3: alan27924 (big blind) folded before Flop
Seat 4: bictor308 folded before Flop
Seat 5: Sr ÁviIa folded before Flop (didn't bet)
Seat 6: WiseWolf71 folded before Flop (didn't bet)
Seat 7: lucifergaia folded before Flop (didn't bet)
Seat 8: Dorex2007 collected ($0.17)
Seat 9: Toti Davalos folded before Flop (didn't bet)



PokerStars Hand #238446853919:  Hold'em No Limit ($0.02/$0.05 USD) - 2022/09/05 21:06:04 PT [2022/09/06 0:06:04 ET]
Table 'Raphaela' 9-max Seat #2 is the button
Seat 1: BluffOnTable ($5.02 in chips) 
Seat 2: dvdhmstar ($4.93 in chips) 
Seat 3: alan27924 ($7.75 in chips) 
Seat 4: bictor308 ($2.13 in chips) 
Seat 5: Sr ÁviIa ($2.50 in chips) 
Seat 6: WiseWolf71 ($1.97 in chips) 
Seat 7: lucifergaia ($11.39 in chips) 
Seat 8: Dorex2007 ($5.64 in chips) 
Seat 9: Toti Davalos ($7.27 in chips) 
alan27924: posts small blind $0.02
bictor308: posts big blind $0.05
*** HOLE CARDS ***
Dealt to Dorex2007 [Ts 3c]
Sr ÁviIa: raises $0.10 to $0.15
WiseWolf71: folds 
lucifergaia: folds 
Dorex2007: folds 
Toti Davalos: folds 
BluffOnTable: folds 
dvdhmstar: calls $0.15
alan27924: calls $0.13
bictor308: folds 
*** FLOP *** [7c 3s 3h]
alan27924: checks 
Sr ÁviIa: checks 
dvdhmstar: checks 
*** TURN *** [7c 3s 3h] [5d]
alan27924: bets $0.48
Sr ÁviIa: folds 
dvdhmstar: folds 
Uncalled bet ($0.48) returned to alan27924
alan27924 collected $0.48 from pot
*** SUMMARY ***
Total pot $0.50 | Rake $0.02 
Board [7c 3s 3h 5d]
Seat 1: BluffOnTable folded before Flop (didn't bet)
Seat 2: dvdhmstar (button) folded on the Turn
Seat 3: alan27924 (small blind) collected ($0.48)
Seat 4: bictor308 (big blind) folded before Flop
Seat 5: Sr ÁviIa folded on the Turn
Seat 6: WiseWolf71 folded before Flop (didn't bet)
Seat 7: lucifergaia folded before Flop (didn't bet)
Seat 8: Dorex2007 folded before Flop (didn't bet)
Seat 9: Toti Davalos folded before Flop (didn't bet)



PokerStars Hand #238446859838:  Hold'em No Limit ($0.02/$0.05 USD) - 2022/09/05 21:06:53 PT [2022/09/06 0:06:53 ET]
Table 'Raphaela' 9-max Seat #3 is the button
Seat 1: BluffOnTable ($5.02 in chips) 
Seat 2: dvdhmstar ($4.78 in chips) 
Seat 3: alan27924 ($8.08 in chips) 
Seat 4: bictor308 ($2.08 in chips) 
Seat 5: Sr ÁviIa ($2.35 in chips) 
Seat 6: WiseWolf71 ($1.97 in chips) 
Seat 7: lucifergaia ($11.39 in chips) 
Seat 8: Dorex2007 ($5.64 in chips) 
Seat 9: Toti Davalos ($7.27 in chips) 
bictor308: posts small blind $0.02
Sr ÁviIa: posts big blind $0.05
*** HOLE CARDS ***
Dealt to Dorex2007 [3d 4s]
WiseWolf71: folds 
lucifergaia: folds 
Dorex2007: folds 
Toti Davalos: folds 
BluffOnTable: folds 
dvdhmstar: folds 
alan27924: folds 
bictor308: raises $0.10 to $0.15
Sr ÁviIa: calls $0.10
*** FLOP *** [7s 8h 6h]
bictor308: checks 
Sr ÁviIa: bets $0.10
bictor308: calls $0.10
*** TURN *** [7s 8h 6h] [4c]
bictor308: checks 
Sr ÁviIa: checks 
*** RIVER *** [7s 8h 6h 4c] [3c]
bictor308: checks 
Sr ÁviIa: bets $0.48
bictor308: folds 
Uncalled bet ($0.48) returned to Sr ÁviIa
Sr ÁviIa collected $0.48 from pot
Sr ÁviIa: doesn't show hand 
*** SUMMARY ***
Total pot $0.50 | Rake $0.02 
Board [7s 8h 6h 4c 3c]
Seat 1: BluffOnTable folded before Flop (didn't bet)
Seat 2: dvdhmstar folded before Flop (didn't bet)
Seat 3: alan27924 (button) folded before Flop (didn't bet)
Seat 4: bictor308 (small blind) folded on the River
Seat 5: Sr ÁviIa (big blind) collected ($0.48)
Seat 6: WiseWolf71 folded before Flop (didn't bet)
Seat 7: lucifergaia folded before Flop (didn't bet)
Seat 8: Dorex2007 folded before Flop (didn't bet)
Seat 9: Toti Davalos folded before Flop (didn't bet)



PokerStars Hand #238446866137:  Hold'em No Limit ($0.02/$0.05 USD) - 2022/09/05 21:07:47 PT [2022/09/06 0:07:47 ET]
Table 'Raphaela' 9-max Seat #4 is the button
Seat 1: BluffOnTable ($5.02 in chips) 
Seat 2: dvdhmstar ($4.78 in chips) 
Seat 3: alan27924 ($8.08 in chips) 
Seat 4: bictor308 ($1.83 in chips) 
Seat 5: Sr ÁviIa ($2.58 in chips) 
Seat 6: WiseWolf71 ($1.97 in chips) 
Seat 7: lucifergaia ($11.39 in chips) 
Seat 8: Dorex2007 ($5.64 in chips) 
Seat 9: Toti Davalos ($7.27 in chips) 
Sr ÁviIa: posts small blind $0.02
WiseWolf71: posts big blind $0.05
*** HOLE CARDS ***
Dealt to Dorex2007 [5d 6s]
lucifergaia: folds 
Dorex2007: folds 
Toti Davalos: folds 
BluffOnTable: folds 
dvdhmstar: folds 
alan27924: folds 
bictor308: folds 
Sr ÁviIa: folds 
Uncalled bet ($0.03) returned to WiseWolf71
WiseWolf71 collected $0.04 from pot
*** SUMMARY ***
Total pot $0.04 | Rake $0 
Seat 1: BluffOnTable folded before Flop (didn't bet)
Seat 2: dvdhmstar folded before Flop (didn't bet)
Seat 3: alan27924 folded before Flop (didn't bet)
Seat 4: bictor308 (button) folded before Flop (didn't bet)
Seat 5: Sr ÁviIa (small blind) folded before Flop
Seat 6: WiseWolf71 (big blind) collected ($0.04)
Seat 7: lucifergaia folded before Flop (didn't bet)
Seat 8: Dorex2007 folded before Flop (didn't bet)
Seat 9: Toti Davalos folded before Flop (didn't bet)



PokerStars Hand #238446867428:  Hold'em No Limit ($0.02/$0.05 USD) - 2022/09/05 21:07:57 PT [2022/09/06 0:07:57 ET]
Table 'Raphaela' 9-max Seat #5 is the button
Seat 1: BluffOnTable ($5.02 in chips) 
Seat 2: dvdhmstar ($4.78 in chips) 
Seat 3: alan27924 ($8.08 in chips) 
Seat 4: bictor308 ($1.83 in chips) 
Seat 5: Sr ÁviIa ($2.56 in chips) 
Seat 6: WiseWolf71 ($1.99 in chips) 
Seat 7: lucifergaia ($11.39 in chips) 
Seat 8: Dorex2007 ($5.64 in chips) 
Seat 9: Toti Davalos ($7.27 in chips) 
WiseWolf71: posts small blind $0.02
lucifergaia: posts big blind $0.05
*** HOLE CARDS ***
Dealt to Dorex2007 [3d 9c]
Dorex2007: folds 
Toti Davalos: folds 
BluffOnTable: folds 
dvdhmstar: folds 
alan27924: folds 
bictor308: folds 
Sr ÁviIa: raises $0.05 to $0.10
WiseWolf71: calls $0.08
lucifergaia: raises $0.30 to $0.40
Sr ÁviIa: folds 
WiseWolf71: calls $0.30
*** FLOP *** [7h 6c 7c]
WiseWolf71: checks 
lucifergaia: checks 
*** TURN *** [7h 6c 7c] [4d]
WiseWolf71: checks 
lucifergaia: checks 
*** RIVER *** [7h 6c 7c 4d] [Ac]
WiseWolf71: checks 
lucifergaia: checks 
*** SHOW DOWN ***
WiseWolf71: shows [Td Jd] (a pair of Sevens)
lucifergaia: shows [Tc As] (two pair, Aces and Sevens)
lucifergaia collected $0.86 from pot
*** SUMMARY ***
Total pot $0.90 | Rake $0.04 
Board [7h 6c 7c 4d Ac]
Seat 1: BluffOnTable folded before Flop (didn't bet)
Seat 2: dvdhmstar folded before Flop (didn't bet)
Seat 3: alan27924 folded before Flop (didn't bet)
Seat 4: bictor308 folded before Flop (didn't bet)
Seat 5: Sr ÁviIa (button) folded before Flop
Seat 6: WiseWolf71 (small blind) showed [Td Jd] and lost with a pair of Sevens
Seat 7: lucifergaia (big blind) showed [Tc As] and won ($0.86) with two pair, Aces and Sevens
Seat 8: Dorex2007 folded before Flop (didn't bet)
Seat 9: Toti Davalos folded before Flop (didn't bet)



PokerStars Hand #238446874392:  Hold'em No Limit ($0.02/$0.05 USD) - 2022/09/05 21:08:55 PT [2022/09/06 0:08:55 ET]
Table 'Raphaela' 9-max Seat #6 is the button
Seat 1: BluffOnTable ($5.02 in chips) 
Seat 2: dvdhmstar ($4.78 in chips) 
Seat 3: alan27924 ($8.08 in chips) 
Seat 4: bictor308 ($1.83 in chips) 
Seat 5: Sr ÁviIa ($2.46 in chips) 
Seat 6: WiseWolf71 ($1.59 in chips) 
Seat 7: lucifergaia ($11.85 in chips) 
Seat 8: Dorex2007 ($5.64 in chips) 
Seat 9: Toti Davalos ($7.27 in chips) 
lucifergaia: posts small blind $0.02
Dorex2007: posts big blind $0.05
*** HOLE CARDS ***
Dealt to Dorex2007 [4c 4d]
Toti Davalos: folds 
BluffOnTable: folds 
dvdhmstar: folds 
alan27924: folds 
bictor308: raises $0.05 to $0.10
Sr ÁviIa: folds 
WiseWolf71: folds 
lucifergaia: folds 
Dorex2007: folds 
Uncalled bet ($0.05) returned to bictor308
bictor308 collected $0.12 from pot
bictor308: doesn't show hand 
*** SUMMARY ***
Total pot $0.12 | Rake $0 
Seat 1: BluffOnTable folded before Flop (didn't bet)
Seat 2: dvdhmstar folded before Flop (didn't bet)
Seat 3: alan27924 folded before Flop (didn't bet)
Seat 4: bictor308 collected ($0.12)
Seat 5: Sr ÁviIa folded before Flop (didn't bet)
Seat 6: WiseWolf71 (button) folded before Flop (didn't bet)
Seat 7: lucifergaia (small blind) folded before Flop
Seat 8: Dorex2007 (big blind) folded before Flop
Seat 9: Toti Davalos folded before Flop (didn't bet)



PokerStars Hand #238446876247:  Hold'em No Limit ($0.02/$0.05 USD) - 2022/09/05 21:09:11 PT [2022/09/06 0:09:11 ET]
Table 'Raphaela' 9-max Seat #7 is the button
Seat 1: BluffOnTable ($5.02 in chips) 
Seat 2: dvdhmstar ($4.78 in chips) 
Seat 3: alan27924 ($8.08 in chips) 
Seat 4: bictor308 ($1.90 in chips) 
Seat 5: Sr ÁviIa ($2.46 in chips) 
Seat 6: WiseWolf71 ($1.59 in chips) 
Seat 7: lucifergaia ($11.83 in chips) 
Seat 8: Dorex2007 ($5.59 in chips) 
Seat 9: Toti Davalos ($7.27 in chips) 
Dorex2007: posts small blind $0.02
Toti Davalos: posts big blind $0.05
*** HOLE CARDS ***
Dealt to Dorex2007 [8d 2h]
BluffOnTable: folds 
dvdhmstar: folds 
alan27924: folds 
bictor308: folds 
Sr ÁviIa: folds 
WiseWolf71: raises $0.10 to $0.15
lucifergaia: folds 
Dorex2007: folds 
Toti Davalos: folds 
Uncalled bet ($0.10) returned to WiseWolf71
WiseWolf71 collected $0.12 from pot
*** SUMMARY ***
Total pot $0.12 | Rake $0 
Seat 1: BluffOnTable folded before Flop (didn't bet)
Seat 2: dvdhmstar folded before Flop (didn't bet)
Seat 3: alan27924 folded before Flop (didn't bet)
Seat 4: bictor308 folded before Flop (didn't bet)
Seat 5: Sr ÁviIa folded before Flop (didn't bet)
Seat 6: WiseWolf71 collected ($0.12)
Seat 7: lucifergaia (button) folded before Flop (didn't bet)
Seat 8: Dorex2007 (small blind) folded before Flop
Seat 9: Toti Davalos (big blind) folded before Flop



PokerStars Hand #238446878714:  Hold'em No Limit ($0.02/$0.05 USD) - 2022/09/05 21:09:32 PT [2022/09/06 0:09:32 ET]
Table 'Raphaela' 9-max Seat #8 is the button
Seat 1: BluffOnTable ($5.02 in chips) 
Seat 2: dvdhmstar ($4.78 in chips) 
Seat 3: alan27924 ($8.08 in chips) 
Seat 4: bictor308 ($1.90 in chips) 
Seat 5: Sr ÁviIa ($2.46 in chips) 
Seat 6: WiseWolf71 ($1.66 in chips) 
Seat 7: lucifergaia ($11.83 in chips) 
Seat 8: Dorex2007 ($5.57 in chips) 
Seat 9: Toti Davalos ($7.22 in chips) 
Toti Davalos: posts small blind $0.02
BluffOnTable: posts big blind $0.05
*** HOLE CARDS ***
Dealt to Dorex2007 [Kd Qc]
dvdhmstar: folds 
alan27924: folds 
bictor308: folds 
Sr ÁviIa: folds 
WiseWolf71: folds 
lucifergaia: folds 
Dorex2007: raises $0.12 to $0.17
Toti Davalos: folds 
alan27924 leaves the table
BluffOnTable: folds 
Uncalled bet ($0.12) returned to Dorex2007
Dorex2007 collected $0.12 from pot
Dorex2007: doesn't show hand 
*** SUMMARY ***
Total pot $0.12 | Rake $0 
Seat 1: BluffOnTable (big blind) folded before Flop
Seat 2: dvdhmstar folded before Flop (didn't bet)
Seat 3: alan27924 folded before Flop (didn't bet)
Seat 4: bictor308 folded before Flop (didn't bet)
Seat 5: Sr ÁviIa folded before Flop (didn't bet)
Seat 6: WiseWolf71 folded before Flop (didn't bet)
Seat 7: lucifergaia folded before Flop (didn't bet)
Seat 8: Dorex2007 (button) collected ($0.12)
Seat 9: Toti Davalos (small blind) folded before Flop



PokerStars Hand #238446881541:  Hold'em No Limit ($0.02/$0.05 USD) - 2022/09/05 21:09:55 PT [2022/09/06 0:09:55 ET]
Table 'Raphaela' 9-max Seat #9 is the button
Seat 1: BluffOnTable ($5 in chips) 
Seat 2: dvdhmstar ($4.78 in chips) 
Seat 4: bictor308 ($1.90 in chips) 
Seat 5: Sr ÁviIa ($2.46 in chips) 
Seat 6: WiseWolf71 ($1.66 in chips) 
Seat 7: lucifergaia ($11.83 in chips) 
Seat 8: Dorex2007 ($5.64 in chips) 
Seat 9: Toti Davalos ($7.20 in chips) 
BluffOnTable: posts small blind $0.02
dvdhmstar: posts big blind $0.05
*** HOLE CARDS ***
Dealt to Dorex2007 [Jh 9d]
bictor308: folds 
Sr ÁviIa: folds 
WiseWolf71: folds 
lucifergaia: folds 
Dorex2007: folds 
Toti Davalos: raises $0.10 to $0.15
BluffOnTable: raises $0.35 to $0.50
dvdhmstar: folds 
Toti Davalos: calls $0.35
*** FLOP *** [Kc 2h 5h]
BluffOnTable: bets $0.05
Toti Davalos: raises $0.45 to $0.50
BluffOnTable: raises $1.40 to $1.90
Toti Davalos: folds 
Uncalled bet ($1.40) returned to BluffOnTable
BluffOnTable collected $1.96 from pot
BluffOnTable: doesn't show hand 
*** SUMMARY ***
Total pot $2.05 | Rake $0.09 
Board [Kc 2h 5h]
Seat 1: BluffOnTable (small blind) collected ($1.96)
Seat 2: dvdhmstar (big blind) folded before Flop
Seat 4: bictor308 folded before Flop (didn't bet)
Seat 5: Sr ÁviIa folded before Flop (didn't bet)
Seat 6: WiseWolf71 folded before Flop (didn't bet)
Seat 7: lucifergaia folded before Flop (didn't bet)
Seat 8: Dorex2007 folded before Flop (didn't bet)
Seat 9: Toti Davalos (button) folded on the Flop



PokerStars Hand #238446889429:  Hold'em No Limit ($0.02/$0.05 USD) - 2022/09/05 21:11:01 PT [2022/09/06 0:11:01 ET]
Table 'Raphaela' 9-max Seat #1 is the button
Seat 1: BluffOnTable ($5.96 in chips) 
Seat 2: dvdhmstar ($4.73 in chips) 
Seat 4: bictor308 ($1.90 in chips) 
Seat 5: Sr ÁviIa ($2.46 in chips) 
Seat 6: WiseWolf71 ($1.66 in chips) 
Seat 7: lucifergaia ($11.83 in chips) 
Seat 8: Dorex2007 ($5.64 in chips) 
Seat 9: Toti Davalos ($6.20 in chips) 
dvdhmstar: posts small blind $0.02
bictor308: posts big blind $0.05
*** HOLE CARDS ***
Dealt to Dorex2007 [5s 6s]
Sr ÁviIa: folds 
WiseWolf71: folds 
lucifergaia: folds 
Dorex2007: folds 
Toti Davalos: folds 
BluffOnTable: folds 
dvdhmstar: folds 
Uncalled bet ($0.03) returned to bictor308
bictor308 collected $0.04 from pot
bictor308: doesn't show hand 
*** SUMMARY ***
Total pot $0.04 | Rake $0 
Seat 1: BluffOnTable (button) folded before Flop (didn't bet)
Seat 2: dvdhmstar (small blind) folded before Flop
Seat 4: bictor308 (big blind) collected ($0.04)
Seat 5: Sr ÁviIa folded before Flop (didn't bet)
Seat 6: WiseWolf71 folded before Flop (didn't bet)
Seat 7: lucifergaia folded before Flop (didn't bet)
Seat 8: Dorex2007 folded before Flop (didn't bet)
Seat 9: Toti Davalos folded before Flop (didn't bet)



PokerStars Hand #238446892021:  Hold'em No Limit ($0.02/$0.05 USD) - 2022/09/05 21:11:23 PT [2022/09/06 0:11:23 ET]
Table 'Raphaela' 9-max Seat #2 is the button
Seat 1: BluffOnTable ($5.96 in chips) 
Seat 2: dvdhmstar ($4.71 in chips) 
Seat 4: bictor308 ($1.92 in chips) 
Seat 5: Sr ÁviIa ($2.46 in chips) 
Seat 6: WiseWolf71 ($1.66 in chips) 
Seat 7: lucifergaia ($11.83 in chips) 
Seat 8: Dorex2007 ($5.64 in chips) 
Seat 9: Toti Davalos ($6.20 in chips) 
bictor308: posts small blind $0.02
Sr ÁviIa: posts big blind $0.05
*** HOLE CARDS ***
Dealt to Dorex2007 [7h 9c]
WiseWolf71: folds 
lucifergaia: folds 
Dorex2007: folds 
Toti Davalos: raises $0.10 to $0.15
BluffOnTable: folds 
dvdhmstar: calls $0.15
bictor308: folds 
Sr ÁviIa: folds 
*** FLOP *** [4d 5s 6h]
Toti Davalos: checks 
dvdhmstar: bets $0.10
Toti Davalos: calls $0.10
*** TURN *** [4d 5s 6h] [9d]
Toti Davalos: checks 
Ice-man6446 joins the table at seat #3 
dvdhmstar: checks 
*** RIVER *** [4d 5s 6h 9d] [6c]
Toti Davalos: checks 
dvdhmstar: checks 
*** SHOW DOWN ***
Toti Davalos: shows [Td Qd] (a pair of Sixes)
dvdhmstar: shows [Qc Jc] (a pair of Sixes - Queen+Jack kicker)
dvdhmstar collected $0.55 from pot
*** SUMMARY ***
Total pot $0.57 | Rake $0.02 
Board [4d 5s 6h 9d 6c]
Seat 1: BluffOnTable folded before Flop (didn't bet)
Seat 2: dvdhmstar (button) showed [Qc Jc] and won ($0.55) with a pair of Sixes
Seat 4: bictor308 (small blind) folded before Flop
Seat 5: Sr ÁviIa (big blind) folded before Flop
Seat 6: WiseWolf71 folded before Flop (didn't bet)
Seat 7: lucifergaia folded before Flop (didn't bet)
Seat 8: Dorex2007 folded before Flop (didn't bet)
Seat 9: Toti Davalos showed [Td Qd] and lost with a pair of Sixes



PokerStars Hand #238446898843:  Hold'em No Limit ($0.02/$0.05 USD) - 2022/09/05 21:12:19 PT [2022/09/06 0:12:19 ET]
Table 'Raphaela' 9-max Seat #4 is the button
Seat 1: BluffOnTable ($5.96 in chips) 
Seat 2: dvdhmstar ($5.01 in chips) 
Seat 3: Ice-man6446 ($5 in chips) 
Seat 4: bictor308 ($1.90 in chips) 
Seat 5: Sr ÁviIa ($2.41 in chips) 
Seat 6: WiseWolf71 ($1.66 in chips) 
Seat 7: lucifergaia ($11.83 in chips) 
Seat 8: Dorex2007 ($5.64 in chips) 
Seat 9: Toti Davalos ($5.95 in chips) 
Sr ÁviIa: posts small blind $0.02
WiseWolf71: posts big blind $0.05
Ice-man6446: posts big blind $0.05
*** HOLE CARDS ***
Dealt to Dorex2007 [Ts Th]
lucifergaia: folds 
Dorex2007: raises $0.17 to $0.22
Toti Davalos: folds 
BluffOnTable: folds 
dvdhmstar: folds 
Ice-man6446: folds 
bictor308: folds 
Sr ÁviIa: folds 
WiseWolf71: folds 
Uncalled bet ($0.17) returned to Dorex2007
Dorex2007 collected $0.17 from pot
Dorex2007: doesn't show hand 
*** SUMMARY ***
Total pot $0.17 | Rake $0 
Seat 1: BluffOnTable folded before Flop (didn't bet)
Seat 2: dvdhmstar folded before Flop (didn't bet)
Seat 3: Ice-man6446 folded before Flop (didn't bet)
Seat 4: bictor308 (button) folded before Flop (didn't bet)
Seat 5: Sr ÁviIa (small blind) folded before Flop
Seat 6: WiseWolf71 (big blind) folded before Flop
Seat 7: lucifergaia folded before Flop (didn't bet)
Seat 8: Dorex2007 collected ($0.17)
Seat 9: Toti Davalos folded before Flop (didn't bet)



PokerStars Hand #238446901918:  Hold'em No Limit ($0.02/$0.05 USD) - 2022/09/05 21:12:44 PT [2022/09/06 0:12:44 ET]
Table 'Raphaela' 9-max Seat #5 is the button
Seat 1: BluffOnTable ($5.96 in chips) 
Seat 2: dvdhmstar ($5.01 in chips) 
Seat 3: Ice-man6446 ($4.95 in chips) 
Seat 4: bictor308 ($1.90 in chips) 
Seat 5: Sr ÁviIa ($2.39 in chips) 
Seat 6: WiseWolf71 ($1.61 in chips) 
Seat 7: lucifergaia ($11.83 in chips) 
Seat 8: Dorex2007 ($5.76 in chips) 
Seat 9: Toti Davalos ($5.95 in chips) 
WiseWolf71: posts small blind $0.02
lucifergaia: posts big blind $0.05
*** HOLE CARDS ***
Dealt to Dorex2007 [5h 4s]
Dorex2007: folds 
Toti Davalos: folds 
BluffOnTable: folds 
dvdhmstar: folds 
Ice-man6446: folds 
bictor308: raises $0.10 to $0.15
Sr ÁviIa: folds 
WiseWolf71: folds 
lucifergaia: folds 
Uncalled bet ($0.10) returned to bictor308
bictor308 collected $0.12 from pot
bictor308: doesn't show hand 
*** SUMMARY ***
Total pot $0.12 | Rake $0 
Seat 1: BluffOnTable folded before Flop (didn't bet)
Seat 2: dvdhmstar folded before Flop (didn't bet)
Seat 3: Ice-man6446 folded before Flop (didn't bet)
Seat 4: bictor308 collected ($0.12)
Seat 5: Sr ÁviIa (button) folded before Flop (didn't bet)
Seat 6: WiseWolf71 (small blind) folded before Flop
Seat 7: lucifergaia (big blind) folded before Flop
Seat 8: Dorex2007 folded before Flop (didn't bet)
Seat 9: Toti Davalos folded before Flop (didn't bet)



PokerStars Hand #238446906389:  Hold'em No Limit ($0.02/$0.05 USD) - 2022/09/05 21:13:22 PT [2022/09/06 0:13:22 ET]
Table 'Raphaela' 9-max Seat #6 is the button
Seat 1: BluffOnTable ($5.96 in chips) 
Seat 2: dvdhmstar ($5.01 in chips) 
Seat 3: Ice-man6446 ($4.95 in chips) 
Seat 4: bictor308 ($1.97 in chips) 
Seat 5: Sr ÁviIa ($2.39 in chips) 
Seat 6: WiseWolf71 ($1.59 in chips) 
Seat 7: lucifergaia ($11.78 in chips) 
Seat 8: Dorex2007 ($5.76 in chips) 
Seat 9: Toti Davalos ($5.95 in chips) 
lucifergaia: posts small blind $0.02
Dorex2007: posts big blind $0.05
*** HOLE CARDS ***
Dealt to Dorex2007 [9c 4c]
Toti Davalos has timed out
Toti Davalos: folds 
BluffOnTable: raises $0.10 to $0.15
dvdhmstar: folds 
Ice-man6446: folds 
bictor308: raises $0.37 to $0.52
Sr ÁviIa: folds 
WiseWolf71: folds 
lucifergaia: folds 
Dorex2007: folds 
BluffOnTable: folds 
Uncalled bet ($0.37) returned to bictor308
bictor308 collected $0.37 from pot
bictor308: doesn't show hand 
*** SUMMARY ***
Total pot $0.37 | Rake $0 
Seat 1: BluffOnTable folded before Flop
Seat 2: dvdhmstar folded before Flop (didn't bet)
Seat 3: Ice-man6446 folded before Flop (didn't bet)
Seat 4: bictor308 collected ($0.37)
Seat 5: Sr ÁviIa folded before Flop (didn't bet)
Seat 6: WiseWolf71 (button) folded before Flop (didn't bet)
Seat 7: lucifergaia (small blind) folded before Flop
Seat 8: Dorex2007 (big blind) folded before Flop
Seat 9: Toti Davalos folded before Flop (didn't bet)



PokerStars Hand #238446910915:  Hold'em No Limit ($0.02/$0.05 USD) - 2022/09/05 21:13:59 PT [2022/09/06 0:13:59 ET]
Table 'Raphaela' 9-max Seat #7 is the button
Seat 1: BluffOnTable ($5.81 in chips) 
Seat 2: dvdhmstar ($5.01 in chips) 
Seat 3: Ice-man6446 ($4.95 in chips) 
Seat 4: bictor308 ($2.19 in chips) 
Seat 5: Sr ÁviIa ($2.39 in chips) 
Seat 6: WiseWolf71 ($1.59 in chips) 
Seat 7: lucifergaia ($11.76 in chips) 
Seat 8: Dorex2007 ($5.71 in chips) 
Seat 9: Toti Davalos ($5.95 in chips) 
Dorex2007: posts small blind $0.02
Toti Davalos: posts big blind $0.05
*** HOLE CARDS ***
Dealt to Dorex2007 [2c 6d]
BluffOnTable: folds 
dvdhmstar: folds 
Ice-man6446: folds 
bictor308: folds 
Sr ÁviIa: folds 
WiseWolf71: folds 
lucifergaia: raises $0.12 to $0.17
Dorex2007: folds 
Toti Davalos: folds 
Uncalled bet ($0.12) returned to lucifergaia
lucifergaia collected $0.12 from pot
lucifergaia: doesn't show hand 
*** SUMMARY ***
Total pot $0.12 | Rake $0 
Seat 1: BluffOnTable folded before Flop (didn't bet)
Seat 2: dvdhmstar folded before Flop (didn't bet)
Seat 3: Ice-man6446 folded before Flop (didn't bet)
Seat 4: bictor308 folded before Flop (didn't bet)
Seat 5: Sr ÁviIa folded before Flop (didn't bet)
Seat 6: WiseWolf71 folded before Flop (didn't bet)
Seat 7: lucifergaia (button) collected ($0.12)
Seat 8: Dorex2007 (small blind) folded before Flop
Seat 9: Toti Davalos (big blind) folded before Flop



PokerStars Hand #238446914310:  Hold'em No Limit ($0.02/$0.05 USD) - 2022/09/05 21:14:28 PT [2022/09/06 0:14:28 ET]
Table 'Raphaela' 9-max Seat #8 is the button
Seat 1: BluffOnTable ($5.81 in chips) 
Seat 2: dvdhmstar ($5.01 in chips) 
Seat 3: Ice-man6446 ($4.95 in chips) 
Seat 4: bictor308 ($2.19 in chips) 
Seat 5: Sr ÁviIa ($2.39 in chips) 
Seat 6: WiseWolf71 ($1.59 in chips) 
Seat 7: lucifergaia ($11.83 in chips) 
Seat 8: Dorex2007 ($5.69 in chips) 
Seat 9: Toti Davalos ($5.90 in chips) 
Toti Davalos: posts small blind $0.02
BluffOnTable: posts big blind $0.05
*** HOLE CARDS ***
Dealt to Dorex2007 [5d Ks]
dvdhmstar: folds 
Ice-man6446: folds 
bictor308: folds 
Sr ÁviIa: folds 
WiseWolf71: folds 
lucifergaia: folds 
Dorex2007: folds 
Toti Davalos: folds 
Uncalled bet ($0.03) returned to BluffOnTable
BluffOnTable collected $0.04 from pot
BluffOnTable: doesn't show hand 
*** SUMMARY ***
Total pot $0.04 | Rake $0 
Seat 1: BluffOnTable (big blind) collected ($0.04)
Seat 2: dvdhmstar folded before Flop (didn't bet)
Seat 3: Ice-man6446 folded before Flop (didn't bet)
Seat 4: bictor308 folded before Flop (didn't bet)
Seat 5: Sr ÁviIa folded before Flop (didn't bet)
Seat 6: WiseWolf71 folded before Flop (didn't bet)
Seat 7: lucifergaia folded before Flop (didn't bet)
Seat 8: Dorex2007 (button) folded before Flop (didn't bet)
Seat 9: Toti Davalos (small blind) folded before Flop



PokerStars Hand #238446917182:  Hold'em No Limit ($0.02/$0.05 USD) - 2022/09/05 21:14:51 PT [2022/09/06 0:14:51 ET]
Table 'Raphaela' 9-max Seat #9 is the button
Seat 1: BluffOnTable ($5.83 in chips) 
Seat 2: dvdhmstar ($5.01 in chips) 
Seat 3: Ice-man6446 ($4.95 in chips) 
Seat 4: bictor308 ($2.19 in chips) 
Seat 5: Sr ÁviIa ($2.39 in chips) 
Seat 6: WiseWolf71 ($1.59 in chips) 
Seat 7: lucifergaia ($11.83 in chips) 
Seat 8: Dorex2007 ($5.69 in chips) 
Seat 9: Toti Davalos ($5.88 in chips) 
BluffOnTable: posts small blind $0.02
dvdhmstar: posts big blind $0.05
*** HOLE CARDS ***
Dealt to Dorex2007 [3h 9s]
Ice-man6446: raises $0.07 to $0.12
bictor308: calls $0.12
Sr ÁviIa: folds 
WiseWolf71: folds 
lucifergaia: folds 
Dorex2007: folds 
Toti Davalos: raises $0.27 to $0.39
BluffOnTable: calls $0.37
dvdhmstar: folds 
Ice-man6446: calls $0.27
bictor308: folds 
*** FLOP *** [Qd 3s 9h]
Sr ÁviIa leaves the table
BluffOnTable: checks 
Ice-man6446: checks 
Toti Davalos: bets $0.64
BluffOnTable: folds 
Ice-man6446: calls $0.64
*** TURN *** [Qd 3s 9h] [Qs]
Ice-man6446: checks 
Toti Davalos: bets $1.25
Ice-man6446: calls $1.25
*** RIVER *** [Qd 3s 9h Qs] [Qh]
Ice-man6446: bets $2.67 and is all-in
Toti Davalos: calls $2.67
*** SHOW DOWN ***
Ice-man6446: shows [Ks Qc] (four of a kind, Queens)
Toti Davalos: shows [Jc Kc] (three of a kind, Queens)
Ice-man6446 collected $10.03 from pot
*** SUMMARY ***
Total pot $10.46 | Rake $0.43 
Board [Qd 3s 9h Qs Qh]
Seat 1: BluffOnTable (small blind) folded on the Flop
Seat 2: dvdhmstar (big blind) folded before Flop
Seat 3: Ice-man6446 showed [Ks Qc] and won ($10.03) with four of a kind, Queens
Seat 4: bictor308 folded before Flop
Seat 5: Sr ÁviIa folded before Flop (didn't bet)
Seat 6: WiseWolf71 folded before Flop (didn't bet)
Seat 7: lucifergaia folded before Flop (didn't bet)
Seat 8: Dorex2007 folded before Flop (didn't bet)
Seat 9: Toti Davalos (button) showed [Jc Kc] and lost with three of a kind, Queens



PokerStars Hand #238446928422:  Hold'em No Limit ($0.02/$0.05 USD) - 2022/09/05 21:16:24 PT [2022/09/06 0:16:24 ET]
Table 'Raphaela' 9-max Seat #1 is the button
Seat 1: BluffOnTable ($5.44 in chips) 
Seat 2: dvdhmstar ($4.96 in chips) 
Seat 3: Ice-man6446 ($10.03 in chips) 
Seat 4: bictor308 ($2.07 in chips) 
Seat 6: WiseWolf71 ($1.59 in chips) 
Seat 7: lucifergaia ($11.83 in chips) 
Seat 8: Dorex2007 ($5.69 in chips) 
Seat 9: Toti Davalos ($0.93 in chips) 
dvdhmstar: posts small blind $0.02
Ice-man6446: posts big blind $0.05
*** HOLE CARDS ***
Dealt to Dorex2007 [2h Ah]
bictor308: folds 
WiseWolf71: raises $0.05 to $0.10
lucifergaia: folds 
Dorex2007: calls $0.10
Toti Davalos: folds 
Toti Davalos leaves the table
BluffOnTable: folds 
dvdhmstar: folds 
Ice-man6446: raises $0.20 to $0.30
WiseWolf71: calls $0.20
Dorex2007: folds 
*** FLOP *** [6d 9s 4h]
Ice-man6446: bets $0.29
WiseWolf71: folds 
Uncalled bet ($0.29) returned to Ice-man6446
Ice-man6446 collected $0.69 from pot
*** SUMMARY ***
Total pot $0.72 | Rake $0.03 
Board [6d 9s 4h]
Seat 1: BluffOnTable (button) folded before Flop (didn't bet)
Seat 2: dvdhmstar (small blind) folded before Flop
Seat 3: Ice-man6446 (big blind) collected ($0.69)
Seat 4: bictor308 folded before Flop (didn't bet)
Seat 6: WiseWolf71 folded on the Flop
Seat 7: lucifergaia folded before Flop (didn't bet)
Seat 8: Dorex2007 folded before Flop
Seat 9: Toti Davalos folded before Flop (didn't bet)



PokerStars Hand #238446934256:  Hold'em No Limit ($0.02/$0.05 USD) - 2022/09/05 21:17:13 PT [2022/09/06 0:17:13 ET]
Table 'Raphaela' 9-max Seat #2 is the button
Seat 1: BluffOnTable ($5.44 in chips) 
Seat 2: dvdhmstar ($4.94 in chips) 
Seat 3: Ice-man6446 ($10.42 in chips) 
Seat 4: bictor308 ($2.07 in chips) 
Seat 6: WiseWolf71 ($1.29 in chips) 
Seat 7: lucifergaia ($11.83 in chips) 
Seat 8: Dorex2007 ($5.59 in chips) 
Ice-man6446: posts small blind $0.02
bictor308: posts big blind $0.05
*** HOLE CARDS ***
Dealt to Dorex2007 [5d 6c]
WiseWolf71: calls $0.05
lucifergaia: folds 
Dorex2007: folds 
BluffOnTable: calls $0.05
dvdhmstar: folds 
Ice-man6446: calls $0.03
bictor308: checks 
*** FLOP *** [3d 9d As]
Ice-man6446: checks 
bictor308: checks 
WiseWolf71: bets $0.10
BluffOnTable: calls $0.10
Ice-man6446: folds 
bictor308: folds 
*** TURN *** [3d 9d As] [6d]
WiseWolf71: bets $0.25
BluffOnTable: folds 
Uncalled bet ($0.25) returned to WiseWolf71
WiseWolf71 collected $0.38 from pot
*** SUMMARY ***
Total pot $0.40 | Rake $0.02 
Board [3d 9d As 6d]
Seat 1: BluffOnTable folded on the Turn
Seat 2: dvdhmstar (button) folded before Flop (didn't bet)
Seat 3: Ice-man6446 (small blind) folded on the Flop
Seat 4: bictor308 (big blind) folded on the Flop
Seat 6: WiseWolf71 collected ($0.38)
Seat 7: lucifergaia folded before Flop (didn't bet)
Seat 8: Dorex2007 folded before Flop (didn't bet)



PokerStars Hand #238446941735:  Hold'em No Limit ($0.02/$0.05 USD) - 2022/09/05 21:18:17 PT [2022/09/06 0:18:17 ET]
Table 'Raphaela' 9-max Seat #3 is the button
Seat 1: BluffOnTable ($5.29 in chips) 
Seat 2: dvdhmstar ($4.94 in chips) 
Seat 3: Ice-man6446 ($10.37 in chips) 
Seat 4: bictor308 ($2.02 in chips) 
Seat 6: WiseWolf71 ($1.52 in chips) 
Seat 7: lucifergaia ($11.83 in chips) 
Seat 8: Dorex2007 ($5.59 in chips) 
bictor308: posts small blind $0.02
WiseWolf71: posts big blind $0.05
*** HOLE CARDS ***
Dealt to Dorex2007 [Th 5c]
lucifergaia: folds 
Dorex2007: folds 
BluffOnTable: folds 
dvdhmstar: folds 
Ice-man6446: folds 
bictor308: folds 
Uncalled bet ($0.03) returned to WiseWolf71
WiseWolf71 collected $0.04 from pot
*** SUMMARY ***
Total pot $0.04 | Rake $0 
Seat 1: BluffOnTable folded before Flop (didn't bet)
Seat 2: dvdhmstar folded before Flop (didn't bet)
Seat 3: Ice-man6446 (button) folded before Flop (didn't bet)
Seat 4: bictor308 (small blind) folded before Flop
Seat 6: WiseWolf71 (big blind) collected ($0.04)
Seat 7: lucifergaia folded before Flop (didn't bet)
Seat 8: Dorex2007 folded before Flop (didn't bet)



PokerStars Hand #238446943612:  Hold'em No Limit ($0.02/$0.05 USD) - 2022/09/05 21:18:33 PT [2022/09/06 0:18:33 ET]
Table 'Raphaela' 9-max Seat #4 is the button
Seat 1: BluffOnTable ($5.29 in chips) 
Seat 2: dvdhmstar ($4.94 in chips) 
Seat 3: Ice-man6446 ($10.37 in chips) 
Seat 4: bictor308 ($2 in chips) 
Seat 6: WiseWolf71 ($1.54 in chips) 
Seat 7: lucifergaia ($11.83 in chips) 
Seat 8: Dorex2007 ($5.59 in chips) 
WiseWolf71: posts small blind $0.02
lucifergaia: posts big blind $0.05
*** HOLE CARDS ***
Dealt to Dorex2007 [8h Kd]
Dorex2007: folds 
BluffOnTable: folds 
dvdhmstar: raises $0.05 to $0.10
Ice-man6446: folds 
bictor308: folds 
WiseWolf71: folds 
lucifergaia: folds 
Uncalled bet ($0.05) returned to dvdhmstar
dvdhmstar collected $0.12 from pot
*** SUMMARY ***
Total pot $0.12 | Rake $0 
Seat 1: BluffOnTable folded before Flop (didn't bet)
Seat 2: dvdhmstar collected ($0.12)
Seat 3: Ice-man6446 folded before Flop (didn't bet)
Seat 4: bictor308 (button) folded before Flop (didn't bet)
Seat 6: WiseWolf71 (small blind) folded before Flop
Seat 7: lucifergaia (big blind) folded before Flop
Seat 8: Dorex2007 folded before Flop (didn't bet)



PokerStars Hand #238446945272:  Hold'em No Limit ($0.02/$0.05 USD) - 2022/09/05 21:18:47 PT [2022/09/06 0:18:47 ET]
Table 'Raphaela' 9-max Seat #6 is the button
Seat 1: BluffOnTable ($5.29 in chips) 
Seat 2: dvdhmstar ($5.01 in chips) 
Seat 3: Ice-man6446 ($10.37 in chips) 
Seat 4: bictor308 ($2 in chips) 
Seat 6: WiseWolf71 ($1.52 in chips) 
Seat 7: lucifergaia ($11.78 in chips) 
Seat 8: Dorex2007 ($5.59 in chips) 
lucifergaia: posts small blind $0.02
Dorex2007: posts big blind $0.05
*** HOLE CARDS ***
Dealt to Dorex2007 [7h Qs]
BluffOnTable: folds 
dvdhmstar: folds 
Ice-man6446: folds 
bictor308: raises $0.12 to $0.17
WiseWolf71: folds 
lucifergaia: raises $0.39 to $0.56
Dorex2007: folds 
bictor308: raises $1.44 to $2 and is all-in
lucifergaia: calls $1.44
*** FLOP *** [4d 6s 5h]
*** TURN *** [4d 6s 5h] [Ac]
*** RIVER *** [4d 6s 5h Ac] [Kd]
*** SHOW DOWN ***
lucifergaia: shows [Kh Ah] (two pair, Aces and Kings)
bictor308: shows [Td Th] (a pair of Tens)
lucifergaia collected $3.88 from pot
*** SUMMARY ***
Total pot $4.05 | Rake $0.17 
Board [4d 6s 5h Ac Kd]
Seat 1: BluffOnTable folded before Flop (didn't bet)
Seat 2: dvdhmstar folded before Flop (didn't bet)
Seat 3: Ice-man6446 folded before Flop (didn't bet)
Seat 4: bictor308 showed [Td Th] and lost with a pair of Tens
Seat 6: WiseWolf71 (button) folded before Flop (didn't bet)
Seat 7: lucifergaia (small blind) showed [Kh Ah] and won ($3.88) with two pair, Aces and Kings
Seat 8: Dorex2007 (big blind) folded before Flop



PokerStars Hand #238446949300:  Hold'em No Limit ($0.02/$0.05 USD) - 2022/09/05 21:19:21 PT [2022/09/06 0:19:21 ET]
Table 'Raphaela' 9-max Seat #7 is the button
Seat 1: BluffOnTable ($5.29 in chips) 
Seat 2: dvdhmstar ($5.01 in chips) 
Seat 3: Ice-man6446 ($10.37 in chips) 
Seat 6: WiseWolf71 ($1.52 in chips) 
Seat 7: lucifergaia ($13.66 in chips) 
Seat 8: Dorex2007 ($5.54 in chips) 
Dorex2007: posts small blind $0.02
BluffOnTable: posts big blind $0.05
*** HOLE CARDS ***
Dealt to Dorex2007 [Th Td]
dvdhmstar: folds 
bictor308 leaves the table
Ice-man6446: calls $0.05
WiseWolf71: calls $0.05
lucifergaia: folds 
Dorex2007: calls $0.03
BluffOnTable: checks 
*** FLOP *** [Qs 2c Qc]
Dorex2007: checks 
BluffOnTable: checks 
Ice-man6446: checks 
WiseWolf71: checks 
*** TURN *** [Qs 2c Qc] [Qd]
Dorex2007: bets $0.19
BluffOnTable: folds 
Ice-man6446: folds 
WiseWolf71: folds 
Uncalled bet ($0.19) returned to Dorex2007
Dorex2007 collected $0.19 from pot
Dorex2007: doesn't show hand 
*** SUMMARY ***
Total pot $0.20 | Rake $0.01 
Board [Qs 2c Qc Qd]
Seat 1: BluffOnTable (big blind) folded on the Turn
Seat 2: dvdhmstar folded before Flop (didn't bet)
Seat 3: Ice-man6446 folded on the Turn
Seat 6: WiseWolf71 folded on the Turn
Seat 7: lucifergaia (button) folded before Flop (didn't bet)
Seat 8: Dorex2007 (small blind) collected ($0.19)



PokerStars Hand #238446955073:  Hold'em No Limit ($0.02/$0.05 USD) - 2022/09/05 21:20:10 PT [2022/09/06 0:20:10 ET]
Table 'Raphaela' 9-max Seat #8 is the button
Seat 1: BluffOnTable ($5.24 in chips) 
Seat 2: dvdhmstar ($5.01 in chips) 
Seat 3: Ice-man6446 ($10.32 in chips) 
Seat 6: WiseWolf71 ($1.47 in chips) 
Seat 7: lucifergaia ($13.66 in chips) 
Seat 8: Dorex2007 ($5.68 in chips) 
BluffOnTable: posts small blind $0.02
dvdhmstar: posts big blind $0.05
*** HOLE CARDS ***
Dealt to Dorex2007 [Ts 9c]
Ice-man6446: raises $0.07 to $0.12
WiseWolf71: folds 
lucifergaia: folds 
Dorex2007: folds 
BluffOnTable: folds 
dvdhmstar: folds 
Uncalled bet ($0.07) returned to Ice-man6446
Ice-man6446 collected $0.12 from pot
*** SUMMARY ***
Total pot $0.12 | Rake $0 
Seat 1: BluffOnTable (small blind) folded before Flop
Seat 2: dvdhmstar (big blind) folded before Flop
Seat 3: Ice-man6446 collected ($0.12)
Seat 6: WiseWolf71 folded before Flop (didn't bet)
Seat 7: lucifergaia folded before Flop (didn't bet)
Seat 8: Dorex2007 (button) folded before Flop (didn't bet)



PokerStars Hand #238446958473:  Hold'em No Limit ($0.02/$0.05 USD) - 2022/09/05 21:20:39 PT [2022/09/06 0:20:39 ET]
Table 'Raphaela' 9-max Seat #1 is the button
Seat 1: BluffOnTable ($5.22 in chips) 
Seat 2: dvdhmstar ($4.96 in chips) 
Seat 3: Ice-man6446 ($10.39 in chips) 
Seat 6: WiseWolf71 ($1.47 in chips) 
Seat 7: lucifergaia ($13.66 in chips) 
Seat 8: Dorex2007 ($5.68 in chips) 
dvdhmstar: posts small blind $0.02
Ice-man6446: posts big blind $0.05
*** HOLE CARDS ***
Dealt to Dorex2007 [2d 2h]
WiseWolf71: folds 
lucifergaia: folds 
Dorex2007: folds 
BluffOnTable: folds 
dvdhmstar: folds 
Uncalled bet ($0.03) returned to Ice-man6446
Ice-man6446 collected $0.04 from pot
Ice-man6446: doesn't show hand 
*** SUMMARY ***
Total pot $0.04 | Rake $0 
Seat 1: BluffOnTable (button) folded before Flop (didn't bet)
Seat 2: dvdhmstar (small blind) folded before Flop
Seat 3: Ice-man6446 (big blind) collected ($0.04)
Seat 6: WiseWolf71 folded before Flop (didn't bet)
Seat 7: lucifergaia folded before Flop (didn't bet)
Seat 8: Dorex2007 folded before Flop (didn't bet)



PokerStars Hand #238446960454:  Hold'em No Limit ($0.02/$0.05 USD) - 2022/09/05 21:20:56 PT [2022/09/06 0:20:56 ET]
Table 'Raphaela' 9-max Seat #2 is the button
Seat 1: BluffOnTable ($5.22 in chips) 
Seat 2: dvdhmstar ($4.94 in chips) 
Seat 6: WiseWolf71 ($1.47 in chips) 
Seat 7: lucifergaia ($13.66 in chips) 
Seat 8: Dorex2007 ($5.68 in chips) 
WiseWolf71: posts small blind $0.02
lucifergaia: posts big blind $0.05
*** HOLE CARDS ***
Dealt to Dorex2007 [7d Jh]
Dorex2007: folds 
BluffOnTable: folds 
dvdhmstar: raises $0.05 to $0.10
WiseWolf71: raises $0.30 to $0.40
lucifergaia: folds 
dvdhmstar: calls $0.30
*** FLOP *** [6s Ac 3h]
WiseWolf71: bets $0.40
dvdhmstar: folds 
Uncalled bet ($0.40) returned to WiseWolf71
WiseWolf71 collected $0.81 from pot
*** SUMMARY ***
Total pot $0.85 | Rake $0.04 
Board [6s Ac 3h]
Seat 1: BluffOnTable folded before Flop (didn't bet)
Seat 2: dvdhmstar (button) folded on the Flop
Seat 6: WiseWolf71 (small blind) collected ($0.81)
Seat 7: lucifergaia (big blind) folded before Flop
Seat 8: Dorex2007 folded before Flop (didn't bet)



PokerStars Hand #238446964391:  Hold'em No Limit ($0.02/$0.05 USD) - 2022/09/05 21:21:29 PT [2022/09/06 0:21:29 ET]
Table 'Raphaela' 9-max Seat #6 is the button
Seat 1: BluffOnTable ($5.22 in chips) 
Seat 2: dvdhmstar ($4.54 in chips) 
Seat 6: WiseWolf71 ($1.88 in chips) 
Seat 7: lucifergaia ($13.61 in chips) 
Seat 8: Dorex2007 ($5.68 in chips) 
lucifergaia: posts small blind $0.02
Dorex2007: posts big blind $0.05
*** HOLE CARDS ***
Dealt to Dorex2007 [Ad 6d]
BluffOnTable: folds 
dvdhmstar: folds 
WiseWolf71: folds 
lucifergaia: folds 
Uncalled bet ($0.03) returned to Dorex2007
Dorex2007 collected $0.04 from pot
Dorex2007: doesn't show hand 
*** SUMMARY ***
Total pot $0.04 | Rake $0 
Seat 1: BluffOnTable folded before Flop (didn't bet)
Seat 2: dvdhmstar folded before Flop (didn't bet)
Seat 6: WiseWolf71 (button) folded before Flop (didn't bet)
Seat 7: lucifergaia (small blind) folded before Flop
Seat 8: Dorex2007 (big blind) collected ($0.04)



PokerStars Hand #238447027626:  Hold'em No Limit ($0.02/$0.05 USD) - 2022/09/05 21:30:33 PT [2022/09/06 0:30:33 ET]
Table 'Raphaela' 9-max Seat #1 is the button
Seat 1: WiseWolf71 ($5.14 in chips) 
Seat 2: BluffOnTable ($5.03 in chips) 
Seat 3: MrDaanilo ($2.85 in chips) 
Seat 4: withnohandlebar ($4.32 in chips) 
Seat 5: imnotliam ($8.64 in chips) 
Seat 6: Adis102 ($4.17 in chips) 
Seat 7: lucifergaia ($8.42 in chips) 
Seat 8: big_country889 ($4.38 in chips) 
Seat 9: Dorex2007 ($5.70 in chips) 
BluffOnTable: posts small blind $0.02
MrDaanilo: posts big blind $0.05
Dorex2007: posts big blind $0.05
*** HOLE CARDS ***
Dealt to Dorex2007 [Jh 7h]
withnohandlebar: folds 
imnotliam: folds 
Adis102: calls $0.05
lucifergaia: raises $0.22 to $0.27
big_country889: calls $0.27
Dorex2007: folds 
WiseWolf71: calls $0.27
BluffOnTable: folds 
MrDaanilo: folds 
Adis102: calls $0.22
*** FLOP *** [Ad Jc 4h]
Adis102: bets $0.05
lucifergaia: calls $0.05
big_country889: calls $0.05
WiseWolf71: calls $0.05
*** TURN *** [Ad Jc 4h] [5s]
Adis102: bets $0.05
lucifergaia: calls $0.05
big_country889: calls $0.05
WiseWolf71: calls $0.05
*** RIVER *** [Ad Jc 4h 5s] [7s]
Adis102: bets $0.60
lucifergaia: folds 
big_country889: folds 
WiseWolf71: folds 
Uncalled bet ($0.60) returned to Adis102
Adis102 collected $1.53 from pot
*** SUMMARY ***
Total pot $1.60 | Rake $0.07 
Board [Ad Jc 4h 5s 7s]
Seat 1: WiseWolf71 (button) folded on the River
Seat 2: BluffOnTable (small blind) folded before Flop
Seat 3: MrDaanilo (big blind) folded before Flop
Seat 4: withnohandlebar folded before Flop (didn't bet)
Seat 5: imnotliam folded before Flop (didn't bet)
Seat 6: Adis102 collected ($1.53)
Seat 7: lucifergaia folded on the River
Seat 8: big_country889 folded on the River
Seat 9: Dorex2007 folded before Flop (didn't bet)



PokerStars Hand #238447034292:  Hold'em No Limit ($0.02/$0.05 USD) - 2022/09/05 21:31:30 PT [2022/09/06 0:31:30 ET]
Table 'Raphaela' 9-max Seat #2 is the button
Seat 1: WiseWolf71 ($4.77 in chips) 
Seat 2: BluffOnTable ($5.01 in chips) 
Seat 3: MrDaanilo ($2.80 in chips) 
Seat 4: withnohandlebar ($4.32 in chips) 
Seat 5: imnotliam ($8.64 in chips) 
Seat 6: Adis102 ($5.33 in chips) 
Seat 7: lucifergaia ($8.05 in chips) 
Seat 8: big_country889 ($4.01 in chips) 
Seat 9: Dorex2007 ($5.65 in chips) 
MrDaanilo: posts small blind $0.02
withnohandlebar: posts big blind $0.05
*** HOLE CARDS ***
Dealt to Dorex2007 [4c Ad]
imnotliam: folds 
Adis102: calls $0.05
lucifergaia: folds 
big_country889: folds 
Dorex2007: folds 
WiseWolf71: folds 
BluffOnTable: calls $0.05
MrDaanilo: raises $0.15 to $0.20
withnohandlebar: folds 
Adis102: folds 
BluffOnTable: calls $0.15
*** FLOP *** [5s 4h 5h]
MrDaanilo: checks 
BluffOnTable: checks 
*** TURN *** [5s 4h 5h] [Qc]
MrDaanilo: checks 
BluffOnTable: checks 
*** RIVER *** [5s 4h 5h Qc] [5d]
MrDaanilo: bets $0.48
BluffOnTable: folds 
Uncalled bet ($0.48) returned to MrDaanilo
MrDaanilo collected $0.48 from pot
*** SUMMARY ***
Total pot $0.50 | Rake $0.02 
Board [5s 4h 5h Qc 5d]
Seat 1: WiseWolf71 folded before Flop (didn't bet)
Seat 2: BluffOnTable (button) folded on the River
Seat 3: MrDaanilo (small blind) collected ($0.48)
Seat 4: withnohandlebar (big blind) folded before Flop
Seat 5: imnotliam folded before Flop (didn't bet)
Seat 6: Adis102 folded before Flop
Seat 7: lucifergaia folded before Flop (didn't bet)
Seat 8: big_country889 folded before Flop (didn't bet)
Seat 9: Dorex2007 folded before Flop (didn't bet)



PokerStars Hand #238447042356:  Hold'em No Limit ($0.02/$0.05 USD) - 2022/09/05 21:32:39 PT [2022/09/06 0:32:39 ET]
Table 'Raphaela' 9-max Seat #3 is the button
Seat 1: WiseWolf71 ($4.77 in chips) 
Seat 2: BluffOnTable ($5 in chips) 
Seat 3: MrDaanilo ($3.08 in chips) 
Seat 4: withnohandlebar ($4.27 in chips) 
Seat 5: imnotliam ($8.64 in chips) 
Seat 6: Adis102 ($5.28 in chips) 
Seat 7: lucifergaia ($8.05 in chips) 
Seat 8: big_country889 ($4.01 in chips) 
Seat 9: Dorex2007 ($5.65 in chips) 
withnohandlebar: posts small blind $0.02
imnotliam: posts big blind $0.05
*** HOLE CARDS ***
Dealt to Dorex2007 [8c 5c]
Adis102: calls $0.05
lucifergaia: folds 
big_country889: raises $0.05 to $0.10
Dorex2007: folds 
WiseWolf71: folds 
BluffOnTable: folds 
MrDaanilo: folds 
withnohandlebar: folds 
imnotliam: folds 
Adis102: calls $0.05
*** FLOP *** [Qs Jd Ac]
Adis102: checks 
big_country889: checks 
*** TURN *** [Qs Jd Ac] [6h]
Adis102: checks 
big_country889: bets $0.13
Adis102: calls $0.13
*** RIVER *** [Qs Jd Ac 6h] [4s]
Adis102: checks 
big_country889: bets $0.50
Adis102: folds 
Uncalled bet ($0.50) returned to big_country889
big_country889 collected $0.51 from pot
*** SUMMARY ***
Total pot $0.53 | Rake $0.02 
Board [Qs Jd Ac 6h 4s]
Seat 1: WiseWolf71 folded before Flop (didn't bet)
Seat 2: BluffOnTable folded before Flop (didn't bet)
Seat 3: MrDaanilo (button) folded before Flop (didn't bet)
Seat 4: withnohandlebar (small blind) folded before Flop
Seat 5: imnotliam (big blind) folded before Flop
Seat 6: Adis102 folded on the River
Seat 7: lucifergaia folded before Flop (didn't bet)
Seat 8: big_country889 collected ($0.51)
Seat 9: Dorex2007 folded before Flop (didn't bet)



PokerStars Hand #238447049458:  Hold'em No Limit ($0.02/$0.05 USD) - 2022/09/05 21:33:40 PT [2022/09/06 0:33:40 ET]
Table 'Raphaela' 9-max Seat #4 is the button
Seat 1: WiseWolf71 ($4.77 in chips) 
Seat 2: BluffOnTable ($5 in chips) 
Seat 3: MrDaanilo ($3.08 in chips) 
Seat 4: withnohandlebar ($4.25 in chips) 
Seat 5: imnotliam ($8.59 in chips) 
Seat 6: Adis102 ($5.05 in chips) 
Seat 7: lucifergaia ($8.05 in chips) 
Seat 8: big_country889 ($4.29 in chips) 
Seat 9: Dorex2007 ($5.65 in chips) 
imnotliam: posts small blind $0.02
Adis102: posts big blind $0.05
*** HOLE CARDS ***
Dealt to Dorex2007 [8c 4c]
lucifergaia: raises $0.12 to $0.17
big_country889: folds 
Dorex2007: folds 
WiseWolf71: folds 
BluffOnTable: folds 
MrDaanilo: folds 
withnohandlebar: folds 
imnotliam: raises $8.42 to $8.59 and is all-in
Adis102: folds 
lucifergaia: folds 
Uncalled bet ($8.42) returned to imnotliam
imnotliam collected $0.39 from pot
*** SUMMARY ***
Total pot $0.39 | Rake $0 
Seat 1: WiseWolf71 folded before Flop (didn't bet)
Seat 2: BluffOnTable folded before Flop (didn't bet)
Seat 3: MrDaanilo folded before Flop (didn't bet)
Seat 4: withnohandlebar (button) folded before Flop (didn't bet)
Seat 5: imnotliam (small blind) collected ($0.39)
Seat 6: Adis102 (big blind) folded before Flop
Seat 7: lucifergaia folded before Flop
Seat 8: big_country889 folded before Flop (didn't bet)
Seat 9: Dorex2007 folded before Flop (didn't bet)



PokerStars Hand #238447053763:  Hold'em No Limit ($0.02/$0.05 USD) - 2022/09/05 21:34:18 PT [2022/09/06 0:34:18 ET]
Table 'Raphaela' 9-max Seat #5 is the button
Seat 1: WiseWolf71 ($4.77 in chips) 
Seat 2: BluffOnTable ($5 in chips) 
Seat 3: MrDaanilo ($3.08 in chips) 
Seat 4: withnohandlebar ($4.25 in chips) 
Seat 5: imnotliam ($8.81 in chips) 
Seat 6: Adis102 ($5 in chips) 
Seat 7: lucifergaia ($7.88 in chips) 
Seat 8: big_country889 ($4.29 in chips) 
Seat 9: Dorex2007 ($5.65 in chips) 
Adis102: posts small blind $0.02
lucifergaia: posts big blind $0.05
*** HOLE CARDS ***
Dealt to Dorex2007 [3c Js]
big_country889: raises $0.05 to $0.10
Dorex2007: folds 
WiseWolf71: calls $0.10
BluffOnTable: folds 
MrDaanilo: raises $0.15 to $0.25
withnohandlebar: folds 
imnotliam: folds 
Adis102: calls $0.23
lucifergaia: folds 
big_country889: calls $0.15
WiseWolf71: calls $0.15
*** FLOP *** [6s 4h 3h]
Adis102: checks 
big_country889: checks 
WiseWolf71: checks 
MrDaanilo: bets $0.25
Adis102: calls $0.25
big_country889: folds 
WiseWolf71: folds 
*** TURN *** [6s 4h 3h] [Ad]
Adis102: bets $0.20
MrDaanilo: calls $0.20
*** RIVER *** [6s 4h 3h Ad] [Ac]
Adis102: bets $0.35
MrDaanilo: raises $2.03 to $2.38 and is all-in
Adis102: folds 
Uncalled bet ($2.03) returned to MrDaanilo
MrDaanilo collected $2.54 from pot
*** SUMMARY ***
Total pot $2.65 | Rake $0.11 
Board [6s 4h 3h Ad Ac]
Seat 1: WiseWolf71 folded on the Flop
Seat 2: BluffOnTable folded before Flop (didn't bet)
Seat 3: MrDaanilo collected ($2.54)
Seat 4: withnohandlebar folded before Flop (didn't bet)
Seat 5: imnotliam (button) folded before Flop (didn't bet)
Seat 6: Adis102 (small blind) folded on the River
Seat 7: lucifergaia (big blind) folded before Flop
Seat 8: big_country889 folded on the Flop
Seat 9: Dorex2007 folded before Flop (didn't bet)



PokerStars Hand #238447061142:  Hold'em No Limit ($0.02/$0.05 USD) - 2022/09/05 21:35:22 PT [2022/09/06 0:35:22 ET]
Table 'Raphaela' 9-max Seat #6 is the button
Seat 1: WiseWolf71 ($4.52 in chips) 
Seat 2: BluffOnTable ($5 in chips) 
Seat 3: MrDaanilo ($4.57 in chips) 
Seat 4: withnohandlebar ($4.25 in chips) 
Seat 5: imnotliam ($8.81 in chips) 
Seat 6: Adis102 ($3.95 in chips) 
Seat 7: lucifergaia ($7.83 in chips) 
Seat 8: big_country889 ($4.04 in chips) 
Seat 9: Dorex2007 ($5.65 in chips) 
lucifergaia: posts small blind $0.02
big_country889: posts big blind $0.05
*** HOLE CARDS ***
Dealt to Dorex2007 [5s Qh]
Dorex2007: folds 
WiseWolf71: folds 
BluffOnTable: folds 
MrDaanilo: raises $0.10 to $0.15
withnohandlebar: folds 
imnotliam: raises $0.15 to $0.30
Adis102: folds 
lucifergaia: folds 
big_country889: raises $0.15 to $0.45
MrDaanilo: folds 
imnotliam: calls $0.15
*** FLOP *** [2s 5d 9s]
big_country889: checks 
imnotliam: checks 
*** TURN *** [2s 5d 9s] [5c]
big_country889: checks 
imnotliam: checks 
*** RIVER *** [2s 5d 9s 5c] [9c]
big_country889: checks 
imnotliam: checks 
*** SHOW DOWN ***
big_country889: shows [As Td] (two pair, Nines and Fives)
imnotliam: mucks hand 
big_country889 collected $1.03 from pot
*** SUMMARY ***
Total pot $1.07 | Rake $0.04 
Board [2s 5d 9s 5c 9c]
Seat 1: WiseWolf71 folded before Flop (didn't bet)
Seat 2: BluffOnTable folded before Flop (didn't bet)
Seat 3: MrDaanilo folded before Flop
Seat 4: withnohandlebar folded before Flop (didn't bet)
Seat 5: imnotliam mucked [Qd Tc]
Seat 6: Adis102 (button) folded before Flop (didn't bet)
Seat 7: lucifergaia (small blind) folded before Flop
Seat 8: big_country889 (big blind) showed [As Td] and won ($1.03) with two pair, Nines and Fives
Seat 9: Dorex2007 folded before Flop (didn't bet)



PokerStars Hand #238447067837:  Hold'em No Limit ($0.02/$0.05 USD) - 2022/09/05 21:36:20 PT [2022/09/06 0:36:20 ET]
Table 'Raphaela' 9-max Seat #7 is the button
Seat 1: WiseWolf71 ($4.52 in chips) 
Seat 2: BluffOnTable ($5 in chips) 
Seat 3: MrDaanilo ($4.42 in chips) 
Seat 4: withnohandlebar ($4.25 in chips) 
Seat 5: imnotliam ($8.36 in chips) 
Seat 6: Adis102 ($3.95 in chips) 
Seat 7: lucifergaia ($7.81 in chips) 
Seat 8: big_country889 ($4.62 in chips) 
Seat 9: Dorex2007 ($5.65 in chips) 
big_country889: posts small blind $0.02
Dorex2007: posts big blind $0.05
*** HOLE CARDS ***
Dealt to Dorex2007 [5s Tc]
WiseWolf71: folds 
BluffOnTable: folds 
MrDaanilo: folds 
withnohandlebar: folds 
imnotliam: folds 
Adis102: calls $0.05
lucifergaia: folds 
big_country889: folds 
Dorex2007: checks 
*** FLOP *** [9h Js 2s]
Dorex2007: checks 
Adis102: bets $0.10
Dorex2007: folds 
Uncalled bet ($0.10) returned to Adis102
Adis102 collected $0.12 from pot
*** SUMMARY ***
Total pot $0.12 | Rake $0 
Board [9h Js 2s]
Seat 1: WiseWolf71 folded before Flop (didn't bet)
Seat 2: BluffOnTable folded before Flop (didn't bet)
Seat 3: MrDaanilo folded before Flop (didn't bet)
Seat 4: withnohandlebar folded before Flop (didn't bet)
Seat 5: imnotliam folded before Flop (didn't bet)
Seat 6: Adis102 collected ($0.12)
Seat 7: lucifergaia (button) folded before Flop (didn't bet)
Seat 8: big_country889 (small blind) folded before Flop
Seat 9: Dorex2007 (big blind) folded on the Flop



PokerStars Hand #238447070796:  Hold'em No Limit ($0.02/$0.05 USD) - 2022/09/05 21:36:47 PT [2022/09/06 0:36:47 ET]
Table 'Raphaela' 9-max Seat #8 is the button
Seat 1: WiseWolf71 ($4.52 in chips) 
Seat 2: BluffOnTable ($5 in chips) 
Seat 3: MrDaanilo ($4.42 in chips) 
Seat 4: withnohandlebar ($4.25 in chips) 
Seat 5: imnotliam ($8.36 in chips) 
Seat 6: Adis102 ($4.02 in chips) 
Seat 7: lucifergaia ($7.81 in chips) 
Seat 8: big_country889 ($4.60 in chips) 
Seat 9: Dorex2007 ($5.60 in chips) 
Dorex2007: posts small blind $0.02
WiseWolf71: posts big blind $0.05
*** HOLE CARDS ***
Dealt to Dorex2007 [4h 9s]
BluffOnTable: folds 
MrDaanilo: folds 
withnohandlebar: folds 
imnotliam: calls $0.05
Adis102: folds 
lucifergaia: folds 
big_country889: calls $0.05
Dorex2007: folds 
WiseWolf71: checks 
*** FLOP *** [8d 8c 7s]
WiseWolf71: checks 
imnotliam: bets $0.10
big_country889: raises $0.20 to $0.30
WiseWolf71: folds 
imnotliam: folds 
Uncalled bet ($0.20) returned to big_country889
big_country889 collected $0.35 from pot
*** SUMMARY ***
Total pot $0.37 | Rake $0.02 
Board [8d 8c 7s]
Seat 1: WiseWolf71 (big blind) folded on the Flop
Seat 2: BluffOnTable folded before Flop (didn't bet)
Seat 3: MrDaanilo folded before Flop (didn't bet)
Seat 4: withnohandlebar folded before Flop (didn't bet)
Seat 5: imnotliam folded on the Flop
Seat 6: Adis102 folded before Flop (didn't bet)
Seat 7: lucifergaia folded before Flop (didn't bet)
Seat 8: big_country889 (button) collected ($0.35)
Seat 9: Dorex2007 (small blind) folded before Flop



PokerStars Hand #238447074429:  Hold'em No Limit ($0.02/$0.05 USD) - 2022/09/05 21:37:19 PT [2022/09/06 0:37:19 ET]
Table 'Raphaela' 9-max Seat #9 is the button
Seat 1: WiseWolf71 ($4.47 in chips) 
Seat 2: BluffOnTable ($5 in chips) 
Seat 3: MrDaanilo ($4.42 in chips) 
Seat 4: withnohandlebar ($4.25 in chips) 
Seat 5: imnotliam ($8.21 in chips) 
Seat 6: Adis102 ($4.02 in chips) 
Seat 7: lucifergaia ($7.81 in chips) 
Seat 8: big_country889 ($4.80 in chips) 
Seat 9: Dorex2007 ($5.58 in chips) 
WiseWolf71: posts small blind $0.02
BluffOnTable: posts big blind $0.05
*** HOLE CARDS ***
Dealt to Dorex2007 [8s 5d]
MrDaanilo: folds 
withnohandlebar: folds 
imnotliam: folds 
Adis102: folds 
lucifergaia: folds 
big_country889: folds 
Dorex2007: folds 
WiseWolf71: folds 
Uncalled bet ($0.03) returned to BluffOnTable
BluffOnTable collected $0.04 from pot
BluffOnTable: doesn't show hand 
*** SUMMARY ***
Total pot $0.04 | Rake $0 
Seat 1: WiseWolf71 (small blind) folded before Flop
Seat 2: BluffOnTable (big blind) collected ($0.04)
Seat 3: MrDaanilo folded before Flop (didn't bet)
Seat 4: withnohandlebar folded before Flop (didn't bet)
Seat 5: imnotliam folded before Flop (didn't bet)
Seat 6: Adis102 folded before Flop (didn't bet)
Seat 7: lucifergaia folded before Flop (didn't bet)
Seat 8: big_country889 folded before Flop (didn't bet)
Seat 9: Dorex2007 (button) folded before Flop (didn't bet)



PokerStars Hand #238447075958:  Hold'em No Limit ($0.02/$0.05 USD) - 2022/09/05 21:37:33 PT [2022/09/06 0:37:33 ET]
Table 'Raphaela' 9-max Seat #1 is the button
Seat 1: WiseWolf71 ($4.45 in chips) 
Seat 2: BluffOnTable ($5.02 in chips) 
Seat 3: MrDaanilo ($4.42 in chips) 
Seat 4: withnohandlebar ($4.25 in chips) 
Seat 5: imnotliam ($8.21 in chips) 
Seat 6: Adis102 ($4.02 in chips) 
Seat 7: lucifergaia ($7.81 in chips) 
Seat 8: big_country889 ($4.80 in chips) 
Seat 9: Dorex2007 ($5.58 in chips) 
BluffOnTable: posts small blind $0.02
MrDaanilo: posts big blind $0.05
*** HOLE CARDS ***
Dealt to Dorex2007 [3d 9h]
withnohandlebar: folds 
imnotliam: folds 
Adis102: folds 
lucifergaia: folds 
big_country889: calls $0.05
Dorex2007: folds 
WiseWolf71: folds 
BluffOnTable: folds 
MrDaanilo: raises $0.10 to $0.15
big_country889: calls $0.10
*** FLOP *** [2c 3h 5h]
MrDaanilo: bets $0.15
big_country889: folds 
Uncalled bet ($0.15) returned to MrDaanilo
MrDaanilo collected $0.31 from pot
*** SUMMARY ***
Total pot $0.32 | Rake $0.01 
Board [2c 3h 5h]
Seat 1: WiseWolf71 (button) folded before Flop (didn't bet)
Seat 2: BluffOnTable (small blind) folded before Flop
Seat 3: MrDaanilo (big blind) collected ($0.31)
Seat 4: withnohandlebar folded before Flop (didn't bet)
Seat 5: imnotliam folded before Flop (didn't bet)
Seat 6: Adis102 folded before Flop (didn't bet)
Seat 7: lucifergaia folded before Flop (didn't bet)
Seat 8: big_country889 folded on the Flop
Seat 9: Dorex2007 folded before Flop (didn't bet)



PokerStars Hand #238447079250:  Hold'em No Limit ($0.02/$0.05 USD) - 2022/09/05 21:38:02 PT [2022/09/06 0:38:02 ET]
Table 'Raphaela' 9-max Seat #2 is the button
Seat 1: WiseWolf71 ($4.45 in chips) 
Seat 2: BluffOnTable ($5 in chips) 
Seat 3: MrDaanilo ($4.58 in chips) 
Seat 4: withnohandlebar ($4.25 in chips) 
Seat 5: imnotliam ($8.21 in chips) 
Seat 6: Adis102 ($4.02 in chips) 
Seat 7: lucifergaia ($7.81 in chips) 
Seat 8: big_country889 ($4.65 in chips) 
Seat 9: Dorex2007 ($5.58 in chips) 
MrDaanilo: posts small blind $0.02
withnohandlebar: posts big blind $0.05
*** HOLE CARDS ***
Dealt to Dorex2007 [Qs 6s]
imnotliam: folds 
Adis102: calls $0.05
lucifergaia: folds 
big_country889: folds 
Dorex2007: folds 
WiseWolf71: raises $0.20 to $0.25
BluffOnTable: folds 
MrDaanilo: folds 
withnohandlebar: folds 
Adis102: folds 
Uncalled bet ($0.20) returned to WiseWolf71
WiseWolf71 collected $0.17 from pot
*** SUMMARY ***
Total pot $0.17 | Rake $0 
Seat 1: WiseWolf71 collected ($0.17)
Seat 2: BluffOnTable (button) folded before Flop (didn't bet)
Seat 3: MrDaanilo (small blind) folded before Flop
Seat 4: withnohandlebar (big blind) folded before Flop
Seat 5: imnotliam folded before Flop (didn't bet)
Seat 6: Adis102 folded before Flop
Seat 7: lucifergaia folded before Flop (didn't bet)
Seat 8: big_country889 folded before Flop (didn't bet)
Seat 9: Dorex2007 folded before Flop (didn't bet)



PokerStars Hand #238447081629:  Hold'em No Limit ($0.02/$0.05 USD) - 2022/09/05 21:38:23 PT [2022/09/06 0:38:23 ET]
Table 'Raphaela' 9-max Seat #3 is the button
Seat 1: WiseWolf71 ($4.57 in chips) 
Seat 2: BluffOnTable ($5 in chips) 
Seat 3: MrDaanilo ($4.56 in chips) 
Seat 4: withnohandlebar ($4.20 in chips) 
Seat 5: imnotliam ($8.21 in chips) 
Seat 6: Adis102 ($3.97 in chips) 
Seat 7: lucifergaia ($7.81 in chips) 
Seat 8: big_country889 ($4.65 in chips) 
Seat 9: Dorex2007 ($5.58 in chips) 
withnohandlebar: posts small blind $0.02
imnotliam: posts big blind $0.05
*** HOLE CARDS ***
Dealt to Dorex2007 [Ah 7s]
Adis102: folds 
lucifergaia: folds 
big_country889: calls $0.05
Dorex2007: folds 
WiseWolf71: folds 
BluffOnTable: folds 
MrDaanilo: calls $0.05
withnohandlebar: calls $0.03
imnotliam: raises $0.30 to $0.35
big_country889: calls $0.30
MrDaanilo: folds 
withnohandlebar: calls $0.30
*** FLOP *** [4h Jd 8s]
withnohandlebar: checks 
imnotliam: checks 
big_country889: bets $0.15
withnohandlebar: calls $0.15
imnotliam: folds 
*** TURN *** [4h Jd 8s] [6h]
withnohandlebar: checks 
big_country889: bets $0.25
withnohandlebar: calls $0.25
*** RIVER *** [4h Jd 8s 6h] [Kh]
withnohandlebar: bets $0.93
big_country889: calls $0.93
*** SHOW DOWN ***
withnohandlebar: shows [7h 8h] (a flush, King high)
big_country889: mucks hand 
withnohandlebar collected $3.60 from pot
*** SUMMARY ***
Total pot $3.76 | Rake $0.16 
Board [4h Jd 8s 6h Kh]
Seat 1: WiseWolf71 folded before Flop (didn't bet)
Seat 2: BluffOnTable folded before Flop (didn't bet)
Seat 3: MrDaanilo (button) folded before Flop
Seat 4: withnohandlebar (small blind) showed [7h 8h] and won ($3.60) with a flush, King high
Seat 5: imnotliam (big blind) folded on the Flop
Seat 6: Adis102 folded before Flop (didn't bet)
Seat 7: lucifergaia folded before Flop (didn't bet)
Seat 8: big_country889 mucked [Ac Jh]
Seat 9: Dorex2007 folded before Flop (didn't bet)



PokerStars Hand #238447091810:  Hold'em No Limit ($0.02/$0.05 USD) - 2022/09/05 21:39:55 PT [2022/09/06 0:39:55 ET]
Table 'Raphaela' 9-max Seat #4 is the button
Seat 1: WiseWolf71 ($4.57 in chips) 
Seat 2: BluffOnTable ($5 in chips) 
Seat 3: MrDaanilo ($4.51 in chips) 
Seat 4: withnohandlebar ($6.12 in chips) 
Seat 5: imnotliam ($7.86 in chips) 
Seat 6: Adis102 ($3.97 in chips) 
Seat 7: lucifergaia ($7.81 in chips) 
Seat 8: big_country889 ($2.97 in chips) 
Seat 9: Dorex2007 ($5.58 in chips) 
imnotliam: posts small blind $0.02
Adis102: posts big blind $0.05
*** HOLE CARDS ***
Dealt to Dorex2007 [Kd 8s]
lucifergaia: folds 
big_country889: folds 
Dorex2007: folds 
WiseWolf71: folds 
BluffOnTable: raises $0.10 to $0.15
MrDaanilo: calls $0.15
withnohandlebar: folds 
imnotliam: folds 
Adis102: calls $0.10
*** FLOP *** [Qd 3h Qh]
Adis102: checks 
BluffOnTable: checks 
MrDaanilo: bets $0.15
Adis102: calls $0.15
BluffOnTable: folds 
*** TURN *** [Qd 3h Qh] [Td]
Adis102: bets $1.05
MrDaanilo: folds 
Uncalled bet ($1.05) returned to Adis102
Adis102 collected $0.74 from pot
*** SUMMARY ***
Total pot $0.77 | Rake $0.03 
Board [Qd 3h Qh Td]
Seat 1: WiseWolf71 folded before Flop (didn't bet)
Seat 2: BluffOnTable folded on the Flop
Seat 3: MrDaanilo folded on the Turn
Seat 4: withnohandlebar (button) folded before Flop (didn't bet)
Seat 5: imnotliam (small blind) folded before Flop
Seat 6: Adis102 (big blind) collected ($0.74)
Seat 7: lucifergaia folded before Flop (didn't bet)
Seat 8: big_country889 folded before Flop (didn't bet)
Seat 9: Dorex2007 folded before Flop (didn't bet)



PokerStars Hand #238447098663:  Hold'em No Limit ($0.02/$0.05 USD) - 2022/09/05 21:40:58 PT [2022/09/06 0:40:58 ET]
Table 'Raphaela' 9-max Seat #5 is the button
Seat 1: WiseWolf71 ($4.57 in chips) 
Seat 2: BluffOnTable ($5 in chips) 
Seat 3: MrDaanilo ($4.21 in chips) 
Seat 4: withnohandlebar ($6.12 in chips) 
Seat 5: imnotliam ($7.84 in chips) 
Seat 6: Adis102 ($4.41 in chips) 
Seat 7: lucifergaia ($7.81 in chips) 
Seat 8: big_country889 ($2.97 in chips) 
Seat 9: Dorex2007 ($5.58 in chips) 
Adis102: posts small blind $0.02
lucifergaia: posts big blind $0.05
*** HOLE CARDS ***
Dealt to Dorex2007 [6d 2h]
big_country889: calls $0.05
Dorex2007: folds 
WiseWolf71: calls $0.05
BluffOnTable: folds 
MrDaanilo: folds 
withnohandlebar: folds 
imnotliam: raises $0.15 to $0.20
Adis102: folds 
lucifergaia: folds 
big_country889: calls $0.15
WiseWolf71: calls $0.15
*** FLOP *** [9d 3c As]
big_country889: checks 
WiseWolf71: checks 
imnotliam: bets $0.55
big_country889: calls $0.55
WiseWolf71: raises $3.82 to $4.37 and is all-in
imnotliam: folds 
big_country889: calls $2.22 and is all-in
Uncalled bet ($1.60) returned to WiseWolf71
*** TURN *** [9d 3c As] [Td]
*** RIVER *** [9d 3c As Td] [8h]
*** SHOW DOWN ***
big_country889: shows [Ac Kh] (a pair of Aces)
WiseWolf71: shows [Ad 3d] (two pair, Aces and Threes)
WiseWolf71 cashed out the hand for $4.63 | Cash Out Fee $0.05
*** SUMMARY ***
Total pot $6.76 | Rake $0.28 
Board [9d 3c As Td 8h]
Seat 1: WiseWolf71 showed [Ad 3d] and won ($6.48) with two pair, Aces and Threes (pot not awarded as player cashed out)
Seat 2: BluffOnTable folded before Flop (didn't bet)
Seat 3: MrDaanilo folded before Flop (didn't bet)
Seat 4: withnohandlebar folded before Flop (didn't bet)
Seat 5: imnotliam (button) folded on the Flop
Seat 6: Adis102 (small blind) folded before Flop
Seat 7: lucifergaia (big blind) folded before Flop
Seat 8: big_country889 showed [Ac Kh] and lost with a pair of Aces
Seat 9: Dorex2007 folded before Flop (didn't bet)



PokerStars Hand #238447108626:  Hold'em No Limit ($0.02/$0.05 USD) - 2022/09/05 21:42:26 PT [2022/09/06 0:42:26 ET]
Table 'Raphaela' 9-max Seat #6 is the button
Seat 1: WiseWolf71 ($6.23 in chips) 
Seat 2: BluffOnTable ($5 in chips) 
Seat 3: MrDaanilo ($4.21 in chips) 
Seat 4: withnohandlebar ($6.12 in chips) 
Seat 5: imnotliam ($7.09 in chips) 
Seat 6: Adis102 ($4.39 in chips) 
Seat 7: lucifergaia ($7.76 in chips) 
Seat 9: Dorex2007 ($5.58 in chips) 
lucifergaia: posts small blind $0.02
Dorex2007: posts big blind $0.05
*** HOLE CARDS ***
Dealt to Dorex2007 [7s 2s]
WiseWolf71: folds 
BluffOnTable: folds 
MrDaanilo: folds 
withnohandlebar: folds 
imnotliam: folds 
Adis102: folds 
lucifergaia: folds 
Uncalled bet ($0.03) returned to Dorex2007
Dorex2007 collected $0.04 from pot
Dorex2007: doesn't show hand 
*** SUMMARY ***
Total pot $0.04 | Rake $0 
Seat 1: WiseWolf71 folded before Flop (didn't bet)
Seat 2: BluffOnTable folded before Flop (didn't bet)
Seat 3: MrDaanilo folded before Flop (didn't bet)
Seat 4: withnohandlebar folded before Flop (didn't bet)
Seat 5: imnotliam folded before Flop (didn't bet)
Seat 6: Adis102 (button) folded before Flop (didn't bet)
Seat 7: lucifergaia (small blind) folded before Flop
Seat 9: Dorex2007 (big blind) collected ($0.04)



PokerStars Hand #238447109730:  Hold'em No Limit ($0.02/$0.05 USD) - 2022/09/05 21:42:36 PT [2022/09/06 0:42:36 ET]
Table 'Raphaela' 9-max Seat #7 is the button
Seat 2: BluffOnTable ($5 in chips) 
Seat 3: MrDaanilo ($4.21 in chips) 
Seat 4: withnohandlebar ($6.12 in chips) 
Seat 5: imnotliam ($7.09 in chips) 
Seat 6: Adis102 ($4.39 in chips) 
Seat 7: lucifergaia ($7.74 in chips) 
Seat 9: Dorex2007 ($5.60 in chips) 
Dorex2007: posts small blind $0.02
WiseWolf71: is sitting out 
BluffOnTable: posts big blind $0.05
*** HOLE CARDS ***
Dealt to Dorex2007 [2s 2h]
MrDaanilo: folds 
WiseWolf71 leaves the table
withnohandlebar: folds 
K.Yurka joins the table at seat #1 
imnotliam: raises $0.12 to $0.17
Adis102: calls $0.17
lucifergaia: folds 
Dorex2007: folds 
BluffOnTable: folds 
*** FLOP *** [Ah 4h 3h]
imnotliam: bets $0.05
Adis102: calls $0.05
*** TURN *** [Ah 4h 3h] [6h]
imnotliam: checks 
Adis102: bets $0.05
imnotliam: calls $0.05
*** RIVER *** [Ah 4h 3h 6h] [3d]
imnotliam: checks 
Adis102: bets $0.10
imnotliam: raises $0.22 to $0.32
Adis102: calls $0.22
*** SHOW DOWN ***
imnotliam: shows [Qh Kh] (a flush, Ace high)
Adis102: mucks hand 
imnotliam collected $1.20 from pot
*** SUMMARY ***
Total pot $1.25 | Rake $0.05 
Board [Ah 4h 3h 6h 3d]
Seat 2: BluffOnTable (big blind) folded before Flop
Seat 3: MrDaanilo folded before Flop (didn't bet)
Seat 4: withnohandlebar folded before Flop (didn't bet)
Seat 5: imnotliam showed [Qh Kh] and won ($1.20) with a flush, Ace high
Seat 6: Adis102 mucked [9d Ac]
Seat 7: lucifergaia (button) folded before Flop (didn't bet)
Seat 9: Dorex2007 (small blind) folded before Flop



PokerStars Hand #238447118932:  Hold'em No Limit ($0.02/$0.05 USD) - 2022/09/05 21:43:59 PT [2022/09/06 0:43:59 ET]
Table 'Raphaela' 9-max Seat #9 is the button
Seat 2: BluffOnTable ($5 in chips) 
Seat 3: MrDaanilo ($4.21 in chips) 
Seat 4: withnohandlebar ($6.12 in chips) 
Seat 5: imnotliam ($7.70 in chips) 
Seat 6: Adis102 ($3.80 in chips) 
Seat 7: lucifergaia ($7.74 in chips) 
Seat 8: big_country889 ($5 in chips) 
Seat 9: Dorex2007 ($5.58 in chips) 
BluffOnTable: posts small blind $0.02
MrDaanilo: posts big blind $0.05
big_country889: posts small & big blinds $0.07
*** HOLE CARDS ***
Dealt to Dorex2007 [Td 7c]
withnohandlebar: folds 
imnotliam: calls $0.05
Adis102: folds 
lucifergaia: folds 
Adis102 leaves the table
big_country889: checks 
Dorex2007: folds 
BluffOnTable: folds 
MrDaanilo: raises $0.25 to $0.30
jeremiasjer2 joins the table at seat #6 
imnotliam: calls $0.25
big_country889: folds 
*** FLOP *** [9s 4s Ts]
MrDaanilo: bets $0.15
imnotliam: calls $0.15
*** TURN *** [9s 4s Ts] [Ad]
MrDaanilo: checks 
jeremiasjer2 leaves the table
imnotliam: checks 
*** RIVER *** [9s 4s Ts Ad] [Qh]
MrDaanilo: bets $0.25
CC ride her5 joins the table at seat #6 
imnotliam: raises $0.75 to $1
MrDaanilo: folds 
Uncalled bet ($0.75) returned to imnotliam
imnotliam collected $1.43 from pot
*** SUMMARY ***
Total pot $1.49 | Rake $0.06 
Board [9s 4s Ts Ad Qh]
Seat 2: BluffOnTable (small blind) folded before Flop
Seat 3: MrDaanilo (big blind) folded on the River
Seat 4: withnohandlebar folded before Flop (didn't bet)
Seat 5: imnotliam collected ($1.43)
Seat 6: Adis102 folded before Flop (didn't bet)
Seat 7: lucifergaia folded before Flop (didn't bet)
Seat 8: big_country889 folded before Flop (didn't bet)
Seat 9: Dorex2007 (button) folded before Flop (didn't bet)



PokerStars Hand #238447129473:  Hold'em No Limit ($0.02/$0.05 USD) - 2022/09/05 21:45:34 PT [2022/09/06 0:45:34 ET]
Table 'Raphaela' 9-max Seat #2 is the button
Seat 2: BluffOnTable ($5 in chips) 
Seat 3: MrDaanilo ($3.51 in chips) 
Seat 4: withnohandlebar ($6.12 in chips) 
Seat 5: imnotliam ($8.43 in chips) 
Seat 6: CC ride her5 ($5 in chips) 
Seat 7: lucifergaia ($7.74 in chips) 
Seat 8: big_country889 ($4.93 in chips) 
Seat 9: Dorex2007 ($5.58 in chips) 
MrDaanilo: posts small blind $0.02
withnohandlebar: posts big blind $0.05
CC ride her5: posts big blind $0.05
K.Yurka: sits out 
*** HOLE CARDS ***
Dealt to Dorex2007 [3s 5h]
imnotliam: folds 
CC ride her5: checks 
lucifergaia: folds 
big_country889: raises $0.10 to $0.15
Dorex2007: folds 
BluffOnTable: folds 
MrDaanilo: calls $0.13
withnohandlebar: calls $0.10
CC ride her5: calls $0.10
*** FLOP *** [7s 7h 4s]
MrDaanilo: checks 
withnohandlebar: checks 
CC ride her5: checks 
big_country889: checks 
*** TURN *** [7s 7h 4s] [9s]
MrDaanilo: checks 
withnohandlebar: bets $0.35
CC ride her5: raises $0.35 to $0.70
big_country889: folds 
MrDaanilo: raises $0.35 to $1.05
withnohandlebar: folds 
CC ride her5: calls $0.35
*** RIVER *** [7s 7h 4s 9s] [Kd]
MrDaanilo: bets $1.30
CC ride her5: calls $1.30
*** SHOW DOWN ***
MrDaanilo: shows [Js 8s] (a flush, Jack high)
CC ride her5: mucks hand 
MrDaanilo collected $5.42 from pot
*** SUMMARY ***
Total pot $5.65 | Rake $0.23 
Board [7s 7h 4s 9s Kd]
Seat 2: BluffOnTable (button) folded before Flop (didn't bet)
Seat 3: MrDaanilo (small blind) showed [Js 8s] and won ($5.42) with a flush, Jack high
Seat 4: withnohandlebar (big blind) folded on the Turn
Seat 5: imnotliam folded before Flop (didn't bet)
Seat 6: CC ride her5 mucked [9d Ks]
Seat 7: lucifergaia folded before Flop (didn't bet)
Seat 8: big_country889 folded on the Turn
Seat 9: Dorex2007 folded before Flop (didn't bet)



PokerStars Hand #238447141676:  Hold'em No Limit ($0.02/$0.05 USD) - 2022/09/05 21:47:24 PT [2022/09/06 0:47:24 ET]
Table 'Raphaela' 9-max Seat #3 is the button
Seat 2: BluffOnTable ($5 in chips) 
Seat 3: MrDaanilo ($6.43 in chips) 
Seat 4: withnohandlebar ($5.62 in chips) 
Seat 5: imnotliam ($8.43 in chips) 
Seat 6: CC ride her5 ($2.50 in chips) 
Seat 7: lucifergaia ($7.74 in chips) 
Seat 8: big_country889 ($4.78 in chips) 
Seat 9: Dorex2007 ($5.58 in chips) 
withnohandlebar: posts small blind $0.02
imnotliam: posts big blind $0.05
K.Yurka: sits out 
*** HOLE CARDS ***
Dealt to Dorex2007 [4h Jd]
CC ride her5: calls $0.05
lucifergaia: folds 
big_country889: raises $0.10 to $0.15
Dorex2007: folds 
BluffOnTable: folds 
MrDaanilo: calls $0.15
withnohandlebar: calls $0.13
imnotliam: calls $0.10
CC ride her5: calls $0.10
*** FLOP *** [8d 7h 6d]
withnohandlebar: checks 
imnotliam: bets $0.50
CC ride her5: calls $0.50
big_country889: calls $0.50
MrDaanilo: calls $0.50
withnohandlebar: folds 
*** TURN *** [8d 7h 6d] [5h]
imnotliam: checks 
CC ride her5: bets $1.32
big_country889: folds 
MrDaanilo: raises $1.68 to $3
imnotliam: raises $4.78 to $7.78 and is all-in
CC ride her5: calls $0.53 and is all-in
MrDaanilo: calls $2.78 and is all-in
Uncalled bet ($2) returned to imnotliam
*** RIVER *** [8d 7h 6d 5h] [Jh]
*** SHOW DOWN ***
imnotliam: shows [9s 6c] (a straight, Five to Nine)
MrDaanilo: shows [Kh 5s] (a pair of Fives)
imnotliam collected $7.53 from side pot
CC ride her5: shows [2h 9h] (a flush, Jack high)
CC ride her5 collected $7.96 from main pot
*** SUMMARY ***
Total pot $16.16 Main pot $7.96. Side pot $7.53. | Rake $0.67 
Board [8d 7h 6d 5h Jh]
Seat 2: BluffOnTable folded before Flop (didn't bet)
Seat 3: MrDaanilo (button) showed [Kh 5s] and lost with a pair of Fives
Seat 4: withnohandlebar (small blind) folded on the Flop
Seat 5: imnotliam (big blind) showed [9s 6c] and won ($7.53) with a straight, Five to Nine
Seat 6: CC ride her5 showed [2h 9h] and won ($7.96) with a flush, Jack high
Seat 7: lucifergaia folded before Flop (didn't bet)
Seat 8: big_country889 folded on the Turn
Seat 9: Dorex2007 folded before Flop (didn't bet)



PokerStars Hand #238447154349:  Hold'em No Limit ($0.02/$0.05 USD) - 2022/09/05 21:49:20 PT [2022/09/06 0:49:20 ET]
Table 'Raphaela' 9-max Seat #4 is the button
Seat 2: BluffOnTable ($5 in chips) 
Seat 4: withnohandlebar ($5.47 in chips) 
Seat 5: imnotliam ($9.53 in chips) 
Seat 6: CC ride her5 ($7.96 in chips) 
Seat 7: lucifergaia ($7.74 in chips) 
Seat 8: big_country889 ($4.13 in chips) 
Seat 9: Dorex2007 ($5.58 in chips) 
imnotliam: posts small blind $0.02
CC ride her5: posts big blind $0.05
K.Yurka: sits out 
*** HOLE CARDS ***
Dealt to Dorex2007 [2d Ks]
lucifergaia: folds 
big_country889: folds 
Dorex2007: folds 
BluffOnTable: folds 
withnohandlebar: folds 
imnotliam: calls $0.03
MrDaanilo leaves the table
CC ride her5: checks 
*** FLOP *** [Tc 3c Kd]
imnotliam: bets $0.10
paragraf joins the table at seat #3 
CC ride her5: folds 
Uncalled bet ($0.10) returned to imnotliam
imnotliam collected $0.10 from pot
*** SUMMARY ***
Total pot $0.10 | Rake $0 
Board [Tc 3c Kd]
Seat 2: BluffOnTable folded before Flop (didn't bet)
Seat 4: withnohandlebar (button) folded before Flop (didn't bet)
Seat 5: imnotliam (small blind) collected ($0.10)
Seat 6: CC ride her5 (big blind) folded on the Flop
Seat 7: lucifergaia folded before Flop (didn't bet)
Seat 8: big_country889 folded before Flop (didn't bet)
Seat 9: Dorex2007 folded before Flop (didn't bet)



PokerStars Hand #238447159120:  Hold'em No Limit ($0.02/$0.05 USD) - 2022/09/05 21:50:04 PT [2022/09/06 0:50:04 ET]
Table 'Raphaela' 9-max Seat #5 is the button
Seat 2: BluffOnTable ($5 in chips) 
Seat 3: paragraf ($3 in chips) 
Seat 4: withnohandlebar ($5.47 in chips) 
Seat 5: imnotliam ($9.58 in chips) 
Seat 6: CC ride her5 ($7.91 in chips) 
Seat 7: lucifergaia ($7.74 in chips) 
Seat 8: big_country889 ($4.13 in chips) 
Seat 9: Dorex2007 ($5.58 in chips) 
CC ride her5: posts small blind $0.02
lucifergaia: posts big blind $0.05
K.Yurka: sits out 
paragraf: posts big blind $0.05
*** HOLE CARDS ***
Dealt to Dorex2007 [4s 2d]
big_country889: folds 
Dorex2007: folds 
BluffOnTable: folds 
paragraf: raises $0.10 to $0.15
withnohandlebar: folds 
imnotliam: calls $0.15
CC ride her5: raises $0.10 to $0.25
lucifergaia: folds 
paragraf: calls $0.10
imnotliam: calls $0.10
*** FLOP *** [8d Qs 6d]
CC ride her5: checks 
paragraf: bets $0.10
imnotliam: calls $0.10
CC ride her5: folds 
*** TURN *** [8d Qs 6d] [5s]
paragraf: bets $0.05
imnotliam: calls $0.05
*** RIVER *** [8d Qs 6d 5s] [9s]
paragraf: bets $0.10
imnotliam: folds 
Uncalled bet ($0.10) returned to paragraf
paragraf collected $1.04 from pot
paragraf: doesn't show hand 
*** SUMMARY ***
Total pot $1.10 | Rake $0.06 
Board [8d Qs 6d 5s 9s]
Seat 2: BluffOnTable folded before Flop (didn't bet)
Seat 3: paragraf collected ($1.04)
Seat 4: withnohandlebar folded before Flop (didn't bet)
Seat 5: imnotliam (button) folded on the River
Seat 6: CC ride her5 (small blind) folded on the Flop
Seat 7: lucifergaia (big blind) folded before Flop
Seat 8: big_country889 folded before Flop (didn't bet)
Seat 9: Dorex2007 folded before Flop (didn't bet)



PokerStars Hand #238447165839:  Hold'em No Limit ($0.02/$0.05 USD) - 2022/09/05 21:51:06 PT [2022/09/06 0:51:06 ET]
Table 'Raphaela' 9-max Seat #6 is the button
Seat 2: BluffOnTable ($5 in chips) 
Seat 3: paragraf ($3.64 in chips) 
Seat 4: withnohandlebar ($5.47 in chips) 
Seat 5: imnotliam ($9.18 in chips) 
Seat 6: CC ride her5 ($7.66 in chips) 
Seat 7: lucifergaia ($7.69 in chips) 
Seat 8: big_country889 ($4.13 in chips) 
Seat 9: Dorex2007 ($5.58 in chips) 
lucifergaia: posts small blind $0.02
big_country889: posts big blind $0.05
K.Yurka: sits out 
*** HOLE CARDS ***
Dealt to Dorex2007 [2h 4h]
Dorex2007: folds 
BluffOnTable: folds 
paragraf: folds 
withnohandlebar: folds 
imnotliam has timed out
imnotliam: folds 
CC ride her5: folds 
lucifergaia: folds 
Uncalled bet ($0.03) returned to big_country889
big_country889 collected $0.04 from pot
*** SUMMARY ***
Total pot $0.04 | Rake $0 
Seat 2: BluffOnTable folded before Flop (didn't bet)
Seat 3: paragraf folded before Flop (didn't bet)
Seat 4: withnohandlebar folded before Flop (didn't bet)
Seat 5: imnotliam folded before Flop (didn't bet)
Seat 6: CC ride her5 (button) folded before Flop (didn't bet)
Seat 7: lucifergaia (small blind) folded before Flop
Seat 8: big_country889 (big blind) collected ($0.04)
Seat 9: Dorex2007 folded before Flop (didn't bet)



PokerStars Hand #238447168207:  Hold'em No Limit ($0.02/$0.05 USD) - 2022/09/05 21:51:27 PT [2022/09/06 0:51:27 ET]
Table 'Raphaela' 9-max Seat #7 is the button
Seat 2: BluffOnTable ($5 in chips) 
Seat 3: paragraf ($3.64 in chips) 
Seat 4: withnohandlebar ($5.47 in chips) 
Seat 6: CC ride her5 ($7.66 in chips) 
Seat 7: lucifergaia ($7.67 in chips) 
Seat 8: big_country889 ($4.15 in chips) 
Seat 9: Dorex2007 ($5.58 in chips) 
big_country889: posts small blind $0.02
Dorex2007: posts big blind $0.05
K.Yurka: sits out 
*** HOLE CARDS ***
Dealt to Dorex2007 [Td 4c]
BluffOnTable: folds 
paragraf: calls $0.05
withnohandlebar: folds 
CC ride her5 has timed out
CC ride her5: folds 
lucifergaia: raises $0.17 to $0.22
big_country889: folds 
Dorex2007: folds 
paragraf: folds 
Uncalled bet ($0.17) returned to lucifergaia
lucifergaia collected $0.17 from pot
lucifergaia: doesn't show hand 
*** SUMMARY ***
Total pot $0.17 | Rake $0 
Seat 2: BluffOnTable folded before Flop (didn't bet)
Seat 3: paragraf folded before Flop
Seat 4: withnohandlebar folded before Flop (didn't bet)
Seat 6: CC ride her5 folded before Flop (didn't bet)
Seat 7: lucifergaia (button) collected ($0.17)
Seat 8: big_country889 (small blind) folded before Flop
Seat 9: Dorex2007 (big blind) folded before Flop



PokerStars Hand #238447171269:  Hold'em No Limit ($0.02/$0.05 USD) - 2022/09/05 21:51:55 PT [2022/09/06 0:51:55 ET]
Table 'Raphaela' 9-max Seat #8 is the button
Seat 1: K.Yurka ($5 in chips) 
Seat 2: BluffOnTable ($5 in chips) 
Seat 3: paragraf ($3.59 in chips) 
Seat 4: withnohandlebar ($5.47 in chips) 
Seat 5: imnotliam ($9.18 in chips) 
Seat 7: lucifergaia ($7.79 in chips) 
Seat 8: big_country889 ($4.13 in chips) 
Seat 9: Dorex2007 ($5.53 in chips) 
Dorex2007: posts small blind $0.02
K.Yurka: posts big blind $0.05
*** HOLE CARDS ***
Dealt to Dorex2007 [As Jd]
BluffOnTable: folds 
paragraf: folds 
withnohandlebar: folds 
imnotliam: folds 
lucifergaia: folds 
big_country889: folds 
Dorex2007: calls $0.03
K.Yurka: raises $0.10 to $0.15
Dorex2007: calls $0.10
*** FLOP *** [3c 4c 2h]
Dorex2007: checks 
K.Yurka: checks 
*** TURN *** [3c 4c 2h] [7c]
Dorex2007: bets $0.14
K.Yurka: folds 
Uncalled bet ($0.14) returned to Dorex2007
Dorex2007 collected $0.29 from pot
Dorex2007: doesn't show hand 
*** SUMMARY ***
Total pot $0.30 | Rake $0.01 
Board [3c 4c 2h 7c]
Seat 1: K.Yurka (big blind) folded on the Turn
Seat 2: BluffOnTable folded before Flop (didn't bet)
Seat 3: paragraf folded before Flop (didn't bet)
Seat 4: withnohandlebar folded before Flop (didn't bet)
Seat 5: imnotliam folded before Flop (didn't bet)
Seat 7: lucifergaia folded before Flop (didn't bet)
Seat 8: big_country889 (button) folded before Flop (didn't bet)
Seat 9: Dorex2007 (small blind) collected ($0.29)



PokerStars Hand #238447174658:  Hold'em No Limit ($0.02/$0.05 USD) - 2022/09/05 21:52:26 PT [2022/09/06 0:52:26 ET]
Table 'Raphaela' 9-max Seat #9 is the button
Seat 1: K.Yurka ($5 in chips) 
Seat 2: BluffOnTable ($5 in chips) 
Seat 3: paragraf ($3.59 in chips) 
Seat 4: withnohandlebar ($5.47 in chips) 
Seat 5: imnotliam ($9.18 in chips) 
Seat 8: big_country889 ($4.13 in chips) 
Seat 9: Dorex2007 ($5.67 in chips) 
K.Yurka: posts small blind $0.02
BluffOnTable: posts big blind $0.05
*** HOLE CARDS ***
Dealt to Dorex2007 [Ks 8s]
paragraf: folds 
withnohandlebar: raises $0.05 to $0.10
imnotliam: calls $0.10
big_country889: raises $0.15 to $0.25
Dorex2007: folds 
K.Yurka: folds 
BluffOnTable: folds 
withnohandlebar: calls $0.15
imnotliam: calls $0.15
*** FLOP *** [9s 6s 9h]
withnohandlebar: checks 
imnotliam: checks 
big_country889: bets $0.15
withnohandlebar: folds 
imnotliam: folds 
Uncalled bet ($0.15) returned to big_country889
big_country889 collected $0.79 from pot
*** SUMMARY ***
Total pot $0.82 | Rake $0.03 
Board [9s 6s 9h]
Seat 1: K.Yurka (small blind) folded before Flop
Seat 2: BluffOnTable (big blind) folded before Flop
Seat 3: paragraf folded before Flop (didn't bet)
Seat 4: withnohandlebar folded on the Flop
Seat 5: imnotliam folded on the Flop
Seat 8: big_country889 collected ($0.79)
Seat 9: Dorex2007 (button) folded before Flop (didn't bet)



PokerStars Hand #238447179800:  Hold'em No Limit ($0.02/$0.05 USD) - 2022/09/05 21:53:14 PT [2022/09/06 0:53:14 ET]
Table 'Raphaela' 9-max Seat #1 is the button
Seat 1: K.Yurka ($5 in chips) 
Seat 2: BluffOnTable ($5 in chips) 
Seat 3: paragraf ($3.59 in chips) 
Seat 4: withnohandlebar ($5.22 in chips) 
Seat 5: imnotliam ($8.93 in chips) 
Seat 6: CC ride her5 ($7.66 in chips) 
Seat 8: big_country889 ($4.67 in chips) 
Seat 9: Dorex2007 ($5.67 in chips) 
BluffOnTable: posts small blind $0.02
paragraf: posts big blind $0.05
*** HOLE CARDS ***
Dealt to Dorex2007 [2c Kc]
withnohandlebar: folds 
imnotliam: folds 
CC ride her5: calls $0.05
big_country889: raises $0.10 to $0.15
Dorex2007: folds 
K.Yurka: folds 
BluffOnTable: folds 
paragraf: calls $0.10
CC ride her5: calls $0.10
*** FLOP *** [4c 3s 5h]
paragraf: bets $0.05
CC ride her5: calls $0.05
big_country889: raises $0.15 to $0.20
paragraf: folds 
CC ride her5: calls $0.15
*** TURN *** [4c 3s 5h] [Tc]
CC ride her5: checks 
big_country889: bets $0.44
CC ride her5: folds 
Uncalled bet ($0.44) returned to big_country889
big_country889 collected $0.88 from pot
*** SUMMARY ***
Total pot $0.92 | Rake $0.04 
Board [4c 3s 5h Tc]
Seat 1: K.Yurka (button) folded before Flop (didn't bet)
Seat 2: BluffOnTable (small blind) folded before Flop
Seat 3: paragraf (big blind) folded on the Flop
Seat 4: withnohandlebar folded before Flop (didn't bet)
Seat 5: imnotliam folded before Flop (didn't bet)
Seat 6: CC ride her5 folded on the Turn
Seat 8: big_country889 collected ($0.88)
Seat 9: Dorex2007 folded before Flop (didn't bet)



PokerStars Hand #238447186044:  Hold'em No Limit ($0.02/$0.05 USD) - 2022/09/05 21:54:12 PT [2022/09/06 0:54:12 ET]
Table 'Raphaela' 9-max Seat #2 is the button
Seat 1: K.Yurka ($5 in chips) 
Seat 2: BluffOnTable ($5 in chips) 
Seat 3: paragraf ($3.39 in chips) 
Seat 4: withnohandlebar ($5.22 in chips) 
Seat 5: imnotliam ($8.93 in chips) 
Seat 6: CC ride her5 ($7.31 in chips) 
Seat 8: big_country889 ($5.20 in chips) 
Seat 9: Dorex2007 ($5.67 in chips) 
paragraf: posts small blind $0.02
withnohandlebar: posts big blind $0.05
*** HOLE CARDS ***
Dealt to Dorex2007 [3s 7h]
imnotliam: calls $0.05
CC ride her5: calls $0.05
big_country889: calls $0.05
Dorex2007: folds 
K.Yurka: folds 
BluffOnTable: folds 
paragraf: calls $0.03
withnohandlebar: checks 
*** FLOP *** [3d 8d Jc]
paragraf: bets $0.05
withnohandlebar: folds 
imnotliam: calls $0.05
CC ride her5: folds 
big_country889: calls $0.05
*** TURN *** [3d 8d Jc] [Ac]
paragraf: checks 
imnotliam: checks 
big_country889: bets $0.19
paragraf: folds 
imnotliam: calls $0.19
*** RIVER *** [3d 8d Jc Ac] [Qd]
imnotliam: checks 
big_country889: checks 
*** SHOW DOWN ***
imnotliam: shows [Ad Kd] (a flush, Ace high)
big_country889: mucks hand 
imnotliam collected $0.75 from pot
*** SUMMARY ***
Total pot $0.78 | Rake $0.03 
Board [3d 8d Jc Ac Qd]
Seat 1: K.Yurka folded before Flop (didn't bet)
Seat 2: BluffOnTable (button) folded before Flop (didn't bet)
Seat 3: paragraf (small blind) folded on the Turn
Seat 4: withnohandlebar (big blind) folded on the Flop
Seat 5: imnotliam showed [Ad Kd] and won ($0.75) with a flush, Ace high
Seat 6: CC ride her5 folded on the Flop
Seat 8: big_country889 mucked [As Tc]
Seat 9: Dorex2007 folded before Flop (didn't bet)



PokerStars Hand #238447193480:  Hold'em No Limit ($0.02/$0.05 USD) - 2022/09/05 21:55:23 PT [2022/09/06 0:55:23 ET]
Table 'Raphaela' 9-max Seat #3 is the button
Seat 1: K.Yurka ($5 in chips) 
Seat 2: BluffOnTable ($5 in chips) 
Seat 3: paragraf ($3.29 in chips) 
Seat 4: withnohandlebar ($5.17 in chips) 
Seat 5: imnotliam ($9.39 in chips) 
Seat 6: CC ride her5 ($7.26 in chips) 
Seat 8: big_country889 ($4.91 in chips) 
Seat 9: Dorex2007 ($5.67 in chips) 
withnohandlebar: posts small blind $0.02
imnotliam: posts big blind $0.05
*** HOLE CARDS ***
Dealt to Dorex2007 [Ad Ac]
CC ride her5: folds 
big_country889: folds 
Dorex2007: raises $0.10 to $0.15
K.Yurka: folds 
BluffOnTable: folds 
paragraf: calls $0.15
withnohandlebar: folds 
imnotliam: folds 
*** FLOP *** [9d Kd 6s]
Dorex2007: checks 
paragraf: bets $0.15
Dorex2007: raises $0.28 to $0.43
paragraf: folds 
Uncalled bet ($0.28) returned to Dorex2007
Dorex2007 collected $0.64 from pot
Dorex2007: doesn't show hand 
*** SUMMARY ***
Total pot $0.67 | Rake $0.03 
Board [9d Kd 6s]
Seat 1: K.Yurka folded before Flop (didn't bet)
Seat 2: BluffOnTable folded before Flop (didn't bet)
Seat 3: paragraf (button) folded on the Flop
Seat 4: withnohandlebar (small blind) folded before Flop
Seat 5: imnotliam (big blind) folded before Flop
Seat 6: CC ride her5 folded before Flop (didn't bet)
Seat 8: big_country889 folded before Flop (didn't bet)
Seat 9: Dorex2007 collected ($0.64)



PokerStars Hand #238447197635:  Hold'em No Limit ($0.02/$0.05 USD) - 2022/09/05 21:56:06 PT [2022/09/06 0:56:06 ET]
Table 'Raphaela' 9-max Seat #4 is the button
Seat 1: K.Yurka ($5 in chips) 
Seat 2: BluffOnTable ($5 in chips) 
Seat 3: paragraf ($2.99 in chips) 
Seat 4: withnohandlebar ($5.15 in chips) 
Seat 5: imnotliam ($9.34 in chips) 
Seat 6: CC ride her5 ($7.26 in chips) 
Seat 8: big_country889 ($4.91 in chips) 
Seat 9: Dorex2007 ($6.01 in chips) 
imnotliam: posts small blind $0.02
CC ride her5: posts big blind $0.05
*** HOLE CARDS ***
Dealt to Dorex2007 [Td 4d]
big_country889: raises $0.10 to $0.15
Dorex2007: folds 
K.Yurka: calls $0.15
BluffOnTable: folds 
paragraf: folds 
withnohandlebar: folds 
imnotliam: calls $0.13
CC ride her5: folds 
*** FLOP *** [Th 2s As]
imnotliam: checks 
big_country889: bets $0.15
K.Yurka: folds 
imnotliam: folds 
Uncalled bet ($0.15) returned to big_country889
big_country889 collected $0.48 from pot
*** SUMMARY ***
Total pot $0.50 | Rake $0.02 
Board [Th 2s As]
Seat 1: K.Yurka folded on the Flop
Seat 2: BluffOnTable folded before Flop (didn't bet)
Seat 3: paragraf folded before Flop (didn't bet)
Seat 4: withnohandlebar (button) folded before Flop (didn't bet)
Seat 5: imnotliam (small blind) folded on the Flop
Seat 6: CC ride her5 (big blind) folded before Flop
Seat 8: big_country889 collected ($0.48)
Seat 9: Dorex2007 folded before Flop (didn't bet)



PokerStars Hand #238447201494:  Hold'em No Limit ($0.02/$0.05 USD) - 2022/09/05 21:56:46 PT [2022/09/06 0:56:46 ET]
Table 'Raphaela' 9-max Seat #5 is the button
Seat 1: K.Yurka ($5 in chips) 
Seat 2: BluffOnTable ($5 in chips) 
Seat 3: paragraf ($2.99 in chips) 
Seat 4: withnohandlebar ($5.15 in chips) 
Seat 5: imnotliam ($9.19 in chips) 
Seat 6: CC ride her5 ($7.21 in chips) 
Seat 7: lucifergaia ($7.79 in chips) 
Seat 8: big_country889 ($5.24 in chips) 
Seat 9: Dorex2007 ($6.01 in chips) 
CC ride her5: posts small blind $0.02
lucifergaia: posts big blind $0.05
*** HOLE CARDS ***
Dealt to Dorex2007 [8h Jh]
big_country889: raises $0.05 to $0.10
Dorex2007: folds 
K.Yurka: folds 
BluffOnTable: folds 
paragraf: calls $0.10
withnohandlebar: raises $0.25 to $0.35
imnotliam: folds 
CC ride her5: folds 
lucifergaia has timed out
lucifergaia: folds 
big_country889: calls $0.25
paragraf: folds 
*** FLOP *** [6s Th 7c]
big_country889: checks 
withnohandlebar: bets $0.50
big_country889: folds 
Uncalled bet ($0.50) returned to withnohandlebar
withnohandlebar collected $0.83 from pot
*** SUMMARY ***
Total pot $0.87 | Rake $0.04 
Board [6s Th 7c]
Seat 1: K.Yurka folded before Flop (didn't bet)
Seat 2: BluffOnTable folded before Flop (didn't bet)
Seat 3: paragraf folded before Flop
Seat 4: withnohandlebar collected ($0.83)
Seat 5: imnotliam (button) folded before Flop (didn't bet)
Seat 6: CC ride her5 (small blind) folded before Flop
Seat 7: lucifergaia (big blind) folded before Flop
Seat 8: big_country889 folded on the Flop
Seat 9: Dorex2007 folded before Flop (didn't bet)



PokerStars Hand #238447212067:  Hold'em No Limit ($0.02/$0.05 USD) - 2022/09/05 21:58:39 PT [2022/09/06 0:58:39 ET]
Table 'Raphaela' 9-max Seat #6 is the button
Seat 1: K.Yurka ($5 in chips) 
Seat 2: BluffOnTable ($5 in chips) 
Seat 3: paragraf ($2.89 in chips) 
Seat 4: withnohandlebar ($5.63 in chips) 
Seat 5: imnotliam ($9.19 in chips) 
Seat 6: CC ride her5 ($7.19 in chips) 
Seat 8: big_country889 ($4.89 in chips) 
Seat 9: Dorex2007 ($6.01 in chips) 
big_country889: posts small blind $0.02
Dorex2007: posts big blind $0.05
*** HOLE CARDS ***
Dealt to Dorex2007 [7d Ks]
K.Yurka: folds 
BluffOnTable: folds 
paragraf: folds 
withnohandlebar: folds 
imnotliam: calls $0.05
CC ride her5: calls $0.05
big_country889: folds 
Dorex2007: checks 
*** FLOP *** [7h 2d 3c]
Dorex2007: checks 
imnotliam: checks 
CC ride her5: bets $0.05
Dorex2007: raises $0.12 to $0.17
imnotliam: folds 
CC ride her5: folds 
Uncalled bet ($0.12) returned to Dorex2007
Dorex2007 collected $0.26 from pot
Dorex2007: doesn't show hand 
*** SUMMARY ***
Total pot $0.27 | Rake $0.01 
Board [7h 2d 3c]
Seat 1: K.Yurka folded before Flop (didn't bet)
Seat 2: BluffOnTable folded before Flop (didn't bet)
Seat 3: paragraf folded before Flop (didn't bet)
Seat 4: withnohandlebar folded before Flop (didn't bet)
Seat 5: imnotliam folded on the Flop
Seat 6: CC ride her5 (button) folded on the Flop
Seat 8: big_country889 (small blind) folded before Flop
Seat 9: Dorex2007 (big blind) collected ($0.26)



PokerStars Hand #238447216352:  Hold'em No Limit ($0.02/$0.05 USD) - 2022/09/05 21:59:23 PT [2022/09/06 0:59:23 ET]
Table 'Raphaela' 9-max Seat #8 is the button
Seat 1: K.Yurka ($5 in chips) 
Seat 2: BluffOnTable ($5 in chips) 
Seat 3: paragraf ($2.89 in chips) 
Seat 4: withnohandlebar ($5.63 in chips) 
Seat 5: imnotliam ($9.14 in chips) 
Seat 6: CC ride her5 ($7.09 in chips) 
Seat 8: big_country889 ($4.87 in chips) 
Seat 9: Dorex2007 ($6.17 in chips) 
Dorex2007: posts small blind $0.02
K.Yurka: posts big blind $0.05
*** HOLE CARDS ***
Dealt to Dorex2007 [2c Js]
BluffOnTable: folds 
paragraf: folds 
withnohandlebar: folds 
imnotliam: raises $0.05 to $0.10
CC ride her5: folds 
big_country889: folds 
Dorex2007: folds 
K.Yurka: folds 
Uncalled bet ($0.05) returned to imnotliam
imnotliam collected $0.12 from pot
*** SUMMARY ***
Total pot $0.12 | Rake $0 
Seat 1: K.Yurka (big blind) folded before Flop
Seat 2: BluffOnTable folded before Flop (didn't bet)
Seat 3: paragraf folded before Flop (didn't bet)
Seat 4: withnohandlebar folded before Flop (didn't bet)
Seat 5: imnotliam collected ($0.12)
Seat 6: CC ride her5 folded before Flop (didn't bet)
Seat 8: big_country889 (button) folded before Flop (didn't bet)
Seat 9: Dorex2007 (small blind) folded before Flop



PokerStars Hand #238447217945:  Hold'em No Limit ($0.02/$0.05 USD) - 2022/09/05 21:59:39 PT [2022/09/06 0:59:39 ET]
Table 'Raphaela' 9-max Seat #9 is the button
Seat 1: K.Yurka ($5 in chips) 
Seat 2: BluffOnTable ($5 in chips) 
Seat 3: paragraf ($2.89 in chips) 
Seat 4: withnohandlebar ($5.63 in chips) 
Seat 5: imnotliam ($9.21 in chips) 
Seat 6: CC ride her5 ($7.09 in chips) 
Seat 8: big_country889 ($4.87 in chips) 
Seat 9: Dorex2007 ($6.15 in chips) 
K.Yurka: posts small blind $0.02
BluffOnTable: posts big blind $0.05
*** HOLE CARDS ***
Dealt to Dorex2007 [7d As]
paragraf: folds 
withnohandlebar: folds 
imnotliam: folds 
CC ride her5: calls $0.05
big_country889: raises $0.05 to $0.10
Dorex2007: folds 
K.Yurka: folds 
BluffOnTable: calls $0.05
CC ride her5: calls $0.05
*** FLOP *** [Kc 6h Jc]
BluffOnTable: checks 
CC ride her5: checks 
big_country889: bets $0.15
BluffOnTable: folds 
CC ride her5: calls $0.15
*** TURN *** [Kc 6h Jc] [4h]
CC ride her5: checks 
big_country889: checks 
*** RIVER *** [Kc 6h Jc 4h] [2c]
CC ride her5: checks 
big_country889: bets $0.40
CC ride her5: folds 
Uncalled bet ($0.40) returned to big_country889
big_country889 collected $0.59 from pot
*** SUMMARY ***
Total pot $0.62 | Rake $0.03 
Board [Kc 6h Jc 4h 2c]
Seat 1: K.Yurka (small blind) folded before Flop
Seat 2: BluffOnTable (big blind) folded on the Flop
Seat 3: paragraf folded before Flop (didn't bet)
Seat 4: withnohandlebar folded before Flop (didn't bet)
Seat 5: imnotliam folded before Flop (didn't bet)
Seat 6: CC ride her5 folded on the River
Seat 8: big_country889 collected ($0.59)
Seat 9: Dorex2007 (button) folded before Flop (didn't bet)



PokerStars Hand #238447222999:  Hold'em No Limit ($0.02/$0.05 USD) - 2022/09/05 22:00:30 PT [2022/09/06 1:00:30 ET]
Table 'Raphaela' 9-max Seat #1 is the button
Seat 1: K.Yurka ($5 in chips) 
Seat 2: BluffOnTable ($5 in chips) 
Seat 3: paragraf ($2.89 in chips) 
Seat 4: withnohandlebar ($5.63 in chips) 
Seat 5: imnotliam ($9.21 in chips) 
Seat 6: CC ride her5 ($6.84 in chips) 
Seat 8: big_country889 ($5.21 in chips) 
Seat 9: Dorex2007 ($6.15 in chips) 
BluffOnTable: posts small blind $0.02
paragraf: posts big blind $0.05
lucifergaia: sits out 
*** HOLE CARDS ***
Dealt to Dorex2007 [5h 9c]
withnohandlebar: folds 
imnotliam: calls $0.05
CC ride her5: folds 
big_country889: calls $0.05
Dorex2007: folds 
K.Yurka: calls $0.05
BluffOnTable: folds 
paragraf: checks 
*** FLOP *** [Qs 4d Th]
paragraf: checks 
imnotliam: bets $0.10
big_country889: calls $0.10
K.Yurka: folds 
paragraf: folds 
*** TURN *** [Qs 4d Th] [6d]
imnotliam: bets $0.20
big_country889: folds 
Uncalled bet ($0.20) returned to imnotliam
imnotliam collected $0.40 from pot
*** SUMMARY ***
Total pot $0.42 | Rake $0.02 
Board [Qs 4d Th 6d]
Seat 1: K.Yurka (button) folded on the Flop
Seat 2: BluffOnTable (small blind) folded before Flop
Seat 3: paragraf (big blind) folded on the Flop
Seat 4: withnohandlebar folded before Flop (didn't bet)
Seat 5: imnotliam collected ($0.40)
Seat 6: CC ride her5 folded before Flop (didn't bet)
Seat 8: big_country889 folded on the Turn
Seat 9: Dorex2007 folded before Flop (didn't bet)



PokerStars Hand #238447228894:  Hold'em No Limit ($0.02/$0.05 USD) - 2022/09/05 22:01:27 PT [2022/09/06 1:01:27 ET]
Table 'Raphaela' 9-max Seat #2 is the button
Seat 1: K.Yurka ($5 in chips) 
Seat 2: BluffOnTable ($5 in chips) 
Seat 3: paragraf ($2.84 in chips) 
Seat 4: withnohandlebar ($5.63 in chips) 
Seat 5: imnotliam ($9.46 in chips) 
Seat 6: CC ride her5 ($6.84 in chips) 
Seat 8: big_country889 ($5.06 in chips) 
Seat 9: Dorex2007 ($6.15 in chips) 
paragraf: posts small blind $0.02
withnohandlebar: posts big blind $0.05
lucifergaia: sits out 
*** HOLE CARDS ***
Dealt to Dorex2007 [7h Js]
imnotliam: raises $0.05 to $0.10
CC ride her5: calls $0.10
big_country889: raises $0.05 to $0.15
Dorex2007: folds 
K.Yurka: folds 
BluffOnTable: folds 
paragraf: folds 
withnohandlebar: calls $0.10
imnotliam: calls $0.05
CC ride her5: calls $0.05
*** FLOP *** [As Qc Kc]
withnohandlebar: checks 
imnotliam: checks 
CC ride her5: bets $0.05
big_country889: raises $0.15 to $0.20
withnohandlebar: folds 
imnotliam: folds 
CC ride her5: calls $0.15
*** TURN *** [As Qc Kc] [8d]
CC ride her5: checks 
big_country889: checks 
*** RIVER *** [As Qc Kc 8d] [9c]
CC ride her5: bets $0.05
big_country889: raises $0.54 to $0.59
CC ride her5: folds 
Uncalled bet ($0.54) returned to big_country889
big_country889 collected $1.07 from pot
*** SUMMARY ***
Total pot $1.12 | Rake $0.05 
Board [As Qc Kc 8d 9c]
Seat 1: K.Yurka folded before Flop (didn't bet)
Seat 2: BluffOnTable (button) folded before Flop (didn't bet)
Seat 3: paragraf (small blind) folded before Flop
Seat 4: withnohandlebar (big blind) folded on the Flop
Seat 5: imnotliam folded on the Flop
Seat 6: CC ride her5 folded on the River
Seat 8: big_country889 collected ($1.07)
Seat 9: Dorex2007 folded before Flop (didn't bet)



PokerStars Hand #238447236200:  Hold'em No Limit ($0.02/$0.05 USD) - 2022/09/05 22:02:38 PT [2022/09/06 1:02:38 ET]
Table 'Raphaela' 9-max Seat #3 is the button
Seat 1: K.Yurka ($5 in chips) 
Seat 2: BluffOnTable ($5 in chips) 
Seat 3: paragraf ($2.82 in chips) 
Seat 4: withnohandlebar ($5.48 in chips) 
Seat 5: imnotliam ($9.31 in chips) 
Seat 6: CC ride her5 ($6.44 in chips) 
Seat 8: big_country889 ($5.73 in chips) 
Seat 9: Dorex2007 ($6.15 in chips) 
withnohandlebar: posts small blind $0.02
imnotliam: posts big blind $0.05
lucifergaia: sits out 
*** HOLE CARDS ***
Dealt to Dorex2007 [6h 8h]
CC ride her5: folds 
big_country889: calls $0.05
Dorex2007: folds 
K.Yurka: folds 
BluffOnTable: folds 
paragraf: folds 
withnohandlebar: calls $0.03
imnotliam: raises $0.05 to $0.10
big_country889: calls $0.05
withnohandlebar: calls $0.05
*** FLOP *** [Ks 2c 6c]
withnohandlebar: checks 
imnotliam: bets $0.10
big_country889: calls $0.10
withnohandlebar: folds 
*** TURN *** [Ks 2c 6c] [Qc]
imnotliam: checks 
big_country889: checks 
*** RIVER *** [Ks 2c 6c Qc] [4d]
imnotliam: checks 
big_country889: checks 
*** SHOW DOWN ***
imnotliam: shows [Jd Kc] (a pair of Kings)
big_country889: mucks hand 
imnotliam collected $0.48 from pot
*** SUMMARY ***
Total pot $0.50 | Rake $0.02 
Board [Ks 2c 6c Qc 4d]
Seat 1: K.Yurka folded before Flop (didn't bet)
Seat 2: BluffOnTable folded before Flop (didn't bet)
Seat 3: paragraf (button) folded before Flop (didn't bet)
Seat 4: withnohandlebar (small blind) folded on the Flop
Seat 5: imnotliam (big blind) showed [Jd Kc] and won ($0.48) with a pair of Kings
Seat 6: CC ride her5 folded before Flop (didn't bet)
Seat 8: big_country889 mucked [6d 7d]
Seat 9: Dorex2007 folded before Flop (didn't bet)



