PokerStars Hand #237796390475:  Hold'em No Limit ($0.02/$0.05 USD) - 2022/08/04 20:02:44 PT [2022/08/04 23:02:44 ET]
Table 'Eltigen II' 9-max Seat #6 is the button
Seat 1: JuanDiego7 ($4.76 in chips) 
Seat 2: shakadevirgo90 ($8.97 in chips) 
Seat 3: Dorex2007 ($5 in chips) 
Seat 6: lieb_psih ($13.25 in chips) 
Seat 7: megtorlo2244 ($4 in chips) 
Seat 8: destroynl ($9.25 in chips) 
Seat 9:  $DCarv13$ ($13.67 in chips) 
megtorlo2244: posts small blind $0.02
destroynl: posts big blind $0.05
Dorex2007: posts big blind $0.05
*** HOLE CARDS ***
Dealt to Dorex2007 [Th Kc]
 $DCarv13$: folds 
JuanDiego7: calls $0.05
shakadevirgo90: folds 
Dorex2007: checks 
lieb_psih: raises $0.07 to $0.12
megtorlo2244: folds 
destroynl: raises $0.43 to $0.55
JuanDiego7: raises $1.29 to $1.84
Dorex2007: folds 
lieb_psih: folds 
destroynl: folds 
Uncalled bet ($1.29) returned to JuanDiego7
JuanDiego7 collected $1.29 from pot
JuanDiego7: doesn't show hand 
*** SUMMARY ***
Total pot $1.29 | Rake $0 
Seat 1: JuanDiego7 collected ($1.29)
Seat 2: shakadevirgo90 folded before Flop (didn't bet)
Seat 3: Dorex2007 folded before Flop (didn't bet)
Seat 6: lieb_psih (button) folded before Flop
Seat 7: megtorlo2244 (small blind) folded before Flop
Seat 8: destroynl (big blind) folded before Flop
Seat 9:  $DCarv13$ folded before Flop (didn't bet)



PokerStars Hand #237796397677:  Hold'em No Limit ($0.02/$0.05 USD) - 2022/08/04 20:03:28 PT [2022/08/04 23:03:28 ET]
Table 'Eltigen II' 9-max Seat #7 is the button
Seat 1: JuanDiego7 ($5.50 in chips) 
Seat 2: shakadevirgo90 ($8.97 in chips) 
Seat 3: Dorex2007 ($5 in chips) 
Seat 6: lieb_psih ($13.13 in chips) 
Seat 7: megtorlo2244 ($4 in chips) 
Seat 8: destroynl ($8.70 in chips) 
Seat 9:  $DCarv13$ ($13.67 in chips) 
destroynl: posts small blind $0.02
 $DCarv13$: posts big blind $0.05
*** HOLE CARDS ***
Dealt to Dorex2007 [As 7h]
JuanDiego7: folds 
shakadevirgo90: folds 
Dorex2007: folds 
lieb_psih: folds 
megtorlo2244: folds 
destroynl: raises $0.10 to $0.15
 $DCarv13$: folds 
Uncalled bet ($0.10) returned to destroynl
destroynl collected $0.10 from pot
destroynl: doesn't show hand 
*** SUMMARY ***
Total pot $0.10 | Rake $0 
Seat 1: JuanDiego7 folded before Flop (didn't bet)
Seat 2: shakadevirgo90 folded before Flop (didn't bet)
Seat 3: Dorex2007 folded before Flop (didn't bet)
Seat 6: lieb_psih folded before Flop (didn't bet)
Seat 7: megtorlo2244 (button) folded before Flop (didn't bet)
Seat 8: destroynl (small blind) collected ($0.10)
Seat 9:  $DCarv13$ (big blind) folded before Flop



PokerStars Hand #237796403174:  Hold'em No Limit ($0.02/$0.05 USD) - 2022/08/04 20:04:01 PT [2022/08/04 23:04:01 ET]
Table 'Eltigen II' 9-max Seat #8 is the button
Seat 1: JuanDiego7 ($5.50 in chips) 
Seat 2: shakadevirgo90 ($8.97 in chips) 
Seat 3: Dorex2007 ($5 in chips) 
Seat 6: lieb_psih ($13.13 in chips) 
Seat 7: megtorlo2244 ($4 in chips) 
Seat 8: destroynl ($8.75 in chips) 
Seat 9:  $DCarv13$ ($13.62 in chips) 
 $DCarv13$: posts small blind $0.02
JuanDiego7: posts big blind $0.05
*** HOLE CARDS ***
Dealt to Dorex2007 [Ad Ks]
shakadevirgo90: folds 
Dorex2007: raises $0.15 to $0.20
lieb_psih: folds 
megtorlo2244: folds 
destroynl: folds 
 $DCarv13$: folds 
JuanDiego7: raises $0.42 to $0.62
Dorex2007: calls $0.42
*** FLOP *** [2s 3h 2h]
JuanDiego7: checks 
Dorex2007: checks 
*** TURN *** [2s 3h 2h] [Td]
JuanDiego7: bets $0.60
Dorex2007: calls $0.60
*** RIVER *** [2s 3h 2h Td] [Qc]
JuanDiego7: checks 
Dorex2007: bets $1.18
JuanDiego7: calls $1.18
*** SHOW DOWN ***
Dorex2007: shows [Ad Ks] (a pair of Deuces)
JuanDiego7: shows [Ah Ac] (two pair, Aces and Deuces)
JuanDiego7 collected $4.62 from pot
*** SUMMARY ***
Total pot $4.82 | Rake $0.20 
Board [2s 3h 2h Td Qc]
Seat 1: JuanDiego7 (big blind) showed [Ah Ac] and won ($4.62) with two pair, Aces and Deuces
Seat 2: shakadevirgo90 folded before Flop (didn't bet)
Seat 3: Dorex2007 showed [Ad Ks] and lost with a pair of Deuces
Seat 6: lieb_psih folded before Flop (didn't bet)
Seat 7: megtorlo2244 folded before Flop (didn't bet)
Seat 8: destroynl (button) folded before Flop (didn't bet)
Seat 9:  $DCarv13$ (small blind) folded before Flop



PokerStars Hand #237796412566:  Hold'em No Limit ($0.02/$0.05 USD) - 2022/08/04 20:04:58 PT [2022/08/04 23:04:58 ET]
Table 'Eltigen II' 9-max Seat #9 is the button
Seat 1: JuanDiego7 ($7.72 in chips) 
Seat 2: shakadevirgo90 ($8.97 in chips) 
Seat 3: Dorex2007 ($5 in chips) 
Seat 6: lieb_psih ($13.13 in chips) 
Seat 7: megtorlo2244 ($4 in chips) 
Seat 8: destroynl ($8.75 in chips) 
Seat 9:  $DCarv13$ ($13.60 in chips) 
JuanDiego7: posts small blind $0.02
shakadevirgo90: posts big blind $0.05
*** HOLE CARDS ***
Dealt to Dorex2007 [7s 9h]
Dorex2007: folds 
lieb_psih: folds 
megtorlo2244: calls $0.05
destroynl: folds 
 $DCarv13$: folds 
JuanDiego7: raises $0.20 to $0.25
shakadevirgo90: folds 
megtorlo2244: calls $0.20
*** FLOP *** [Kd 4c 7d]
JuanDiego7: bets $0.26
megtorlo2244: calls $0.26
*** TURN *** [Kd 4c 7d] [Ad]
JuanDiego7: checks 
 $DCarv13$ leaves the table
megtorlo2244: bets $0.35
JuanDiego7: calls $0.35
*** RIVER *** [Kd 4c 7d Ad] [5d]
geniuss joins the table at seat #9 
JuanDiego7: bets $1.70
megtorlo2244: folds 
Uncalled bet ($1.70) returned to JuanDiego7
JuanDiego7 collected $1.70 from pot
JuanDiego7: doesn't show hand 
*** SUMMARY ***
Total pot $1.77 | Rake $0.07 
Board [Kd 4c 7d Ad 5d]
Seat 1: JuanDiego7 (small blind) collected ($1.70)
Seat 2: shakadevirgo90 (big blind) folded before Flop
Seat 3: Dorex2007 folded before Flop (didn't bet)
Seat 6: lieb_psih folded before Flop (didn't bet)
Seat 7: megtorlo2244 folded on the River
Seat 8: destroynl folded before Flop (didn't bet)
Seat 9:  $DCarv13$ (button) folded before Flop (didn't bet)



PokerStars Hand #237796429453:  Hold'em No Limit ($0.02/$0.05 USD) - 2022/08/04 20:06:18 PT [2022/08/04 23:06:18 ET]
Table 'Eltigen II' 9-max Seat #1 is the button
Seat 1: JuanDiego7 ($8.56 in chips) 
Seat 2: shakadevirgo90 ($8.92 in chips) 
Seat 3: Dorex2007 ($5 in chips) 
Seat 6: lieb_psih ($13.13 in chips) 
Seat 7: megtorlo2244 ($4 in chips) 
Seat 8: destroynl ($8.75 in chips) 
shakadevirgo90: posts small blind $0.02
Dorex2007: posts big blind $0.05
geniuss: sits out 
*** HOLE CARDS ***
Dealt to Dorex2007 [Jd Jc]
lieb_psih: raises $0.10 to $0.15
megtorlo2244: folds 
destroynl: folds 
JuanDiego7: folds 
shakadevirgo90: folds 
I902_Bruno leaves the table
Dorex2007: calls $0.10
*** FLOP *** [Qd 2d 5s]
InLaw27 leaves the table
Dorex2007: checks 
lieb_psih: checks 
*** TURN *** [Qd 2d 5s] [Kh]
Dorex2007: checks 
lieb_psih: checks 
*** RIVER *** [Qd 2d 5s Kh] [Ts]
Dorex2007: bets $0.15
lieb_psih: folds 
Uncalled bet ($0.15) returned to Dorex2007
Dorex2007 collected $0.31 from pot
Dorex2007: doesn't show hand 
*** SUMMARY ***
Total pot $0.32 | Rake $0.01 
Board [Qd 2d 5s Kh Ts]
Seat 1: JuanDiego7 (button) folded before Flop (didn't bet)
Seat 2: shakadevirgo90 (small blind) folded before Flop
Seat 3: Dorex2007 (big blind) collected ($0.31)
Seat 6: lieb_psih folded on the River
Seat 7: megtorlo2244 folded before Flop (didn't bet)
Seat 8: destroynl folded before Flop (didn't bet)



PokerStars Hand #237796437543:  Hold'em No Limit ($0.02/$0.05 USD) - 2022/08/04 20:07:07 PT [2022/08/04 23:07:07 ET]
Table 'Eltigen II' 9-max Seat #2 is the button
Seat 1: JuanDiego7 ($8.56 in chips) 
Seat 2: shakadevirgo90 ($8.90 in chips) 
Seat 3: Dorex2007 ($5.16 in chips) 
Seat 6: lieb_psih ($12.98 in chips) 
Seat 7: megtorlo2244 ($4 in chips) 
Seat 8: destroynl ($8.75 in chips) 
Dorex2007: posts small blind $0.02
lieb_psih: posts big blind $0.05
geniuss: sits out 
*** HOLE CARDS ***
Dealt to Dorex2007 [Th 3h]
megtorlo2244: folds 
destroynl: folds 
JuanDiego7: raises $0.10 to $0.15
shakadevirgo90: folds 
Dorex2007: folds 
lieb_psih: calls $0.10
*** FLOP *** [Ah 7c 5d]
lieb_psih: checks 
JuanDiego7: bets $0.15
completelyn joins the table at seat #4 
lieb_psih: folds 
Uncalled bet ($0.15) returned to JuanDiego7
JuanDiego7 collected $0.31 from pot
JuanDiego7: doesn't show hand 
*** SUMMARY ***
Total pot $0.32 | Rake $0.01 
Board [Ah 7c 5d]
Seat 1: JuanDiego7 collected ($0.31)
Seat 2: shakadevirgo90 (button) folded before Flop (didn't bet)
Seat 3: Dorex2007 (small blind) folded before Flop
Seat 6: lieb_psih (big blind) folded on the Flop
Seat 7: megtorlo2244 folded before Flop (didn't bet)
Seat 8: destroynl folded before Flop (didn't bet)



PokerStars Hand #237796442194:  Hold'em No Limit ($0.02/$0.05 USD) - 2022/08/04 20:07:35 PT [2022/08/04 23:07:35 ET]
Table 'Eltigen II' 9-max Seat #3 is the button
Seat 1: JuanDiego7 ($8.72 in chips) 
Seat 2: shakadevirgo90 ($8.90 in chips) 
Seat 3: Dorex2007 ($5.14 in chips) 
Seat 6: lieb_psih ($12.83 in chips) 
Seat 7: megtorlo2244 ($4 in chips) 
Seat 8: destroynl ($8.75 in chips) 
lieb_psih: posts small blind $0.02
megtorlo2244: posts big blind $0.05
geniuss: sits out 
*** HOLE CARDS ***
Dealt to Dorex2007 [7s Th]
Woodie YUL joins the table at seat #5 
destroynl: raises $0.10 to $0.15
JuanDiego7: raises $0.10 to $0.25
shakadevirgo90: folds 
Dorex2007: folds 
lieb_psih: folds 
megtorlo2244: folds 
destroynl: calls $0.10
*** FLOP *** [8d 7c Tc]
destroynl: checks 
JuanDiego7: checks 
*** TURN *** [8d 7c Tc] [9c]
destroynl: checks 
JuanDiego7: checks 
*** RIVER *** [8d 7c Tc 9c] [3s]
destroynl: checks 
JuanDiego7: bets $0.27
destroynl: folds 
Uncalled bet ($0.27) returned to JuanDiego7
JuanDiego7 collected $0.55 from pot
JuanDiego7: doesn't show hand 
*** SUMMARY ***
Total pot $0.57 | Rake $0.02 
Board [8d 7c Tc 9c 3s]
Seat 1: JuanDiego7 collected ($0.55)
Seat 2: shakadevirgo90 folded before Flop (didn't bet)
Seat 3: Dorex2007 (button) folded before Flop (didn't bet)
Seat 6: lieb_psih (small blind) folded before Flop
Seat 7: megtorlo2244 (big blind) folded before Flop
Seat 8: destroynl folded on the River



PokerStars Hand #237796453818:  Hold'em No Limit ($0.02/$0.05 USD) - 2022/08/04 20:08:31 PT [2022/08/04 23:08:31 ET]
Table 'Eltigen II' 9-max Seat #6 is the button
Seat 1: JuanDiego7 ($9.02 in chips) 
Seat 2: shakadevirgo90 ($8.90 in chips) 
Seat 3: Dorex2007 ($5.14 in chips) 
Seat 4: completelyn ($5 in chips) 
Seat 6: lieb_psih ($12.81 in chips) 
Seat 7: megtorlo2244 ($4 in chips) 
Seat 8: destroynl ($8.50 in chips) 
megtorlo2244: posts small blind $0.02
destroynl: posts big blind $0.05
geniuss: sits out 
completelyn: posts big blind $0.05
Woodie YUL: sits out 
*** HOLE CARDS ***
Dealt to Dorex2007 [Js 7c]
JuanDiego7: folds 
shakadevirgo90 has timed out
shakadevirgo90: folds 
Dorex2007: folds 
completelyn: checks 
lieb_psih: raises $0.07 to $0.12
megtorlo2244: folds 
destroynl: folds 
completelyn: calls $0.07
*** FLOP *** [Ac 8d 4h]
completelyn: checks 
lieb_psih: bets $0.15
completelyn: folds 
Uncalled bet ($0.15) returned to lieb_psih
lieb_psih collected $0.30 from pot
lieb_psih: doesn't show hand 
*** SUMMARY ***
Total pot $0.31 | Rake $0.01 
Board [Ac 8d 4h]
Seat 1: JuanDiego7 folded before Flop (didn't bet)
Seat 2: shakadevirgo90 folded before Flop (didn't bet)
Seat 3: Dorex2007 folded before Flop (didn't bet)
Seat 4: completelyn folded on the Flop
Seat 6: lieb_psih (button) collected ($0.30)
Seat 7: megtorlo2244 (small blind) folded before Flop
Seat 8: destroynl (big blind) folded before Flop



PokerStars Hand #237796463097:  Hold'em No Limit ($0.02/$0.05 USD) - 2022/08/04 20:09:28 PT [2022/08/04 23:09:28 ET]
Table 'Eltigen II' 9-max Seat #7 is the button
Seat 1: JuanDiego7 ($9.02 in chips) 
Seat 2: shakadevirgo90 ($8.90 in chips) 
Seat 3: Dorex2007 ($5.14 in chips) 
Seat 4: completelyn ($4.88 in chips) 
Seat 6: lieb_psih ($12.99 in chips) 
Seat 7: megtorlo2244 ($4 in chips) 
Seat 8: destroynl ($8.45 in chips) 
Seat 9: geniuss ($5 in chips) 
destroynl: posts small blind $0.02
geniuss: posts big blind $0.05
Woodie YUL: sits out 
*** HOLE CARDS ***
Dealt to Dorex2007 [Qh 9s]
JuanDiego7: folds 
shakadevirgo90: folds 
Dorex2007: folds 
shakadevirgo90 leaves the table
completelyn: raises $0.10 to $0.15
lieb_psih: folds 
megtorlo2244: folds 
destroynl: folds 
geniuss: folds 
Uncalled bet ($0.10) returned to completelyn
completelyn collected $0.12 from pot
*** SUMMARY ***
Total pot $0.12 | Rake $0 
Seat 1: JuanDiego7 folded before Flop (didn't bet)
Seat 2: shakadevirgo90 folded before Flop (didn't bet)
Seat 3: Dorex2007 folded before Flop (didn't bet)
Seat 4: completelyn collected ($0.12)
Seat 6: lieb_psih folded before Flop (didn't bet)
Seat 7: megtorlo2244 (button) folded before Flop (didn't bet)
Seat 8: destroynl (small blind) folded before Flop
Seat 9: geniuss (big blind) folded before Flop



PokerStars Hand #237796468404:  Hold'em No Limit ($0.02/$0.05 USD) - 2022/08/04 20:10:00 PT [2022/08/04 23:10:00 ET]
Table 'Eltigen II' 9-max Seat #8 is the button
Seat 1: JuanDiego7 ($9.02 in chips) 
Seat 3: Dorex2007 ($5.14 in chips) 
Seat 4: completelyn ($4.95 in chips) 
Seat 6: lieb_psih ($12.99 in chips) 
Seat 7: megtorlo2244 ($4 in chips) 
Seat 8: destroynl ($8.43 in chips) 
Seat 9: geniuss ($5 in chips) 
geniuss: posts small blind $0.02
JuanDiego7: posts big blind $0.05
Woodie YUL: sits out 
*** HOLE CARDS ***
Dealt to Dorex2007 [4c 6h]
Dorex2007: folds 
completelyn: raises $0.30 to $0.35
lieb_psih: folds 
megtorlo2244: folds 
destroynl: folds 
geniuss: folds 
kdu paliva joins the table at seat #2 
JuanDiego7: folds 
Uncalled bet ($0.30) returned to completelyn
completelyn collected $0.12 from pot
*** SUMMARY ***
Total pot $0.12 | Rake $0 
Seat 1: JuanDiego7 (big blind) folded before Flop
Seat 3: Dorex2007 folded before Flop (didn't bet)
Seat 4: completelyn collected ($0.12)
Seat 6: lieb_psih folded before Flop (didn't bet)
Seat 7: megtorlo2244 folded before Flop (didn't bet)
Seat 8: destroynl (button) folded before Flop (didn't bet)
Seat 9: geniuss (small blind) folded before Flop



PokerStars Hand #237796473715:  Hold'em No Limit ($0.02/$0.05 USD) - 2022/08/04 20:10:33 PT [2022/08/04 23:10:33 ET]
Table 'Eltigen II' 9-max Seat #9 is the button
Seat 1: JuanDiego7 ($8.97 in chips) 
Seat 2: kdu paliva ($5 in chips) 
Seat 3: Dorex2007 ($5.14 in chips) 
Seat 4: completelyn ($5.02 in chips) 
Seat 6: lieb_psih ($12.99 in chips) 
Seat 7: megtorlo2244 ($4 in chips) 
Seat 8: destroynl ($8.43 in chips) 
Seat 9: geniuss ($5 in chips) 
JuanDiego7: posts small blind $0.02
kdu paliva: posts big blind $0.05
Woodie YUL: sits out 
*** HOLE CARDS ***
Dealt to Dorex2007 [Th Kh]
Dorex2007: folds 
completelyn has timed out
completelyn: folds 
lieb_psih: folds 
megtorlo2244: raises $0.10 to $0.15
destroynl: folds 
geniuss: folds 
JuanDiego7: folds 
kdu paliva: folds 
Uncalled bet ($0.10) returned to megtorlo2244
megtorlo2244 collected $0.12 from pot
megtorlo2244: doesn't show hand 
*** SUMMARY ***
Total pot $0.12 | Rake $0 
Seat 1: JuanDiego7 (small blind) folded before Flop
Seat 2: kdu paliva (big blind) folded before Flop
Seat 3: Dorex2007 folded before Flop (didn't bet)
Seat 4: completelyn folded before Flop (didn't bet)
Seat 6: lieb_psih folded before Flop (didn't bet)
Seat 7: megtorlo2244 collected ($0.12)
Seat 8: destroynl folded before Flop (didn't bet)
Seat 9: geniuss (button) folded before Flop (didn't bet)



PokerStars Hand #237796480298:  Hold'em No Limit ($0.02/$0.05 USD) - 2022/08/04 20:11:14 PT [2022/08/04 23:11:14 ET]
Table 'Eltigen II' 9-max Seat #1 is the button
Seat 1: JuanDiego7 ($8.95 in chips) 
Seat 2: kdu paliva ($4.95 in chips) 
Seat 3: Dorex2007 ($5.14 in chips) 
Seat 4: completelyn ($5.02 in chips) 
Seat 6: lieb_psih ($12.99 in chips) 
Seat 7: megtorlo2244 ($4.07 in chips) 
Seat 8: destroynl ($8.43 in chips) 
Seat 9: geniuss ($5 in chips) 
kdu paliva: posts small blind $0.02
Dorex2007: posts big blind $0.05
Woodie YUL: sits out 
*** HOLE CARDS ***
Dealt to Dorex2007 [4h Js]
completelyn: raises $0.05 to $0.10
lieb_psih: folds 
megtorlo2244: folds 
destroynl: calls $0.10
geniuss: folds 
JuanDiego7: calls $0.10
kdu paliva: folds 
Dorex2007: folds 
*** FLOP *** [Jc As 2c]
completelyn: bets $0.25
destroynl: folds 
JuanDiego7: folds 
Uncalled bet ($0.25) returned to completelyn
completelyn collected $0.35 from pot
*** SUMMARY ***
Total pot $0.37 | Rake $0.02 
Board [Jc As 2c]
Seat 1: JuanDiego7 (button) folded on the Flop
Seat 2: kdu paliva (small blind) folded before Flop
Seat 3: Dorex2007 (big blind) folded before Flop
Seat 4: completelyn collected ($0.35)
Seat 6: lieb_psih folded before Flop (didn't bet)
Seat 7: megtorlo2244 folded before Flop (didn't bet)
Seat 8: destroynl folded on the Flop
Seat 9: geniuss folded before Flop (didn't bet)



PokerStars Hand #237796487365:  Hold'em No Limit ($0.02/$0.05 USD) - 2022/08/04 20:11:57 PT [2022/08/04 23:11:57 ET]
Table 'Eltigen II' 9-max Seat #2 is the button
Seat 1: JuanDiego7 ($8.85 in chips) 
Seat 2: kdu paliva ($4.93 in chips) 
Seat 3: Dorex2007 ($5.09 in chips) 
Seat 4: completelyn ($5.27 in chips) 
Seat 6: lieb_psih ($12.99 in chips) 
Seat 7: megtorlo2244 ($4.07 in chips) 
Seat 8: destroynl ($8.33 in chips) 
Seat 9: geniuss ($5 in chips) 
Dorex2007: posts small blind $0.02
completelyn: posts big blind $0.05
Woodie YUL: sits out 
*** HOLE CARDS ***
Dealt to Dorex2007 [Jc Ah]
lieb_psih: folds 
megtorlo2244: folds 
destroynl: folds 
geniuss: folds 
JuanDiego7: folds 
kdu paliva: raises $0.10 to $0.15
Dorex2007: calls $0.13
completelyn: calls $0.10
*** FLOP *** [Qd 3d Jd]
Dorex2007: checks 
completelyn: checks 
kdu paliva: checks 
*** TURN *** [Qd 3d Jd] [6h]
Dorex2007: checks 
completelyn: bets $0.30
kdu paliva: folds 
Dorex2007: folds 
Uncalled bet ($0.30) returned to completelyn
completelyn collected $0.43 from pot
*** SUMMARY ***
Total pot $0.45 | Rake $0.02 
Board [Qd 3d Jd 6h]
Seat 1: JuanDiego7 folded before Flop (didn't bet)
Seat 2: kdu paliva (button) folded on the Turn
Seat 3: Dorex2007 (small blind) folded on the Turn
Seat 4: completelyn (big blind) collected ($0.43)
Seat 6: lieb_psih folded before Flop (didn't bet)
Seat 7: megtorlo2244 folded before Flop (didn't bet)
Seat 8: destroynl folded before Flop (didn't bet)
Seat 9: geniuss folded before Flop (didn't bet)



PokerStars Hand #237796500338:  Hold'em No Limit ($0.02/$0.05 USD) - 2022/08/04 20:13:18 PT [2022/08/04 23:13:18 ET]
Table 'Eltigen II' 9-max Seat #3 is the button
Seat 1: JuanDiego7 ($8.85 in chips) 
Seat 2: kdu paliva ($4.78 in chips) 
Seat 3: Dorex2007 ($5 in chips) 
Seat 4: completelyn ($5.55 in chips) 
Seat 5: Woodie YUL ($5 in chips) 
Seat 6: lieb_psih ($12.99 in chips) 
Seat 7: megtorlo2244 ($4.07 in chips) 
Seat 8: destroynl ($8.33 in chips) 
Seat 9: geniuss ($5 in chips) 
completelyn: posts small blind $0.02
Woodie YUL: posts big blind $0.05
*** HOLE CARDS ***
Dealt to Dorex2007 [2h 3h]
lieb_psih: folds 
megtorlo2244: folds 
destroynl: folds 
lieb_psih leaves the table
geniuss: folds 
JuanDiego7: folds 
kdu paliva: folds 
Dorex2007: folds 
completelyn: raises $0.10 to $0.15
Woodie YUL: calls $0.10
*** FLOP *** [9h 8c 9d]
Luigiams joins the table at seat #6 
completelyn: checks 
Woodie YUL: checks 
*** TURN *** [9h 8c 9d] [4c]
completelyn: checks 
Woodie YUL: checks 
*** RIVER *** [9h 8c 9d 4c] [As]
completelyn: bets $0.40
Woodie YUL: folds 
Uncalled bet ($0.40) returned to completelyn
completelyn collected $0.29 from pot
*** SUMMARY ***
Total pot $0.30 | Rake $0.01 
Board [9h 8c 9d 4c As]
Seat 1: JuanDiego7 folded before Flop (didn't bet)
Seat 2: kdu paliva folded before Flop (didn't bet)
Seat 3: Dorex2007 (button) folded before Flop (didn't bet)
Seat 4: completelyn (small blind) collected ($0.29)
Seat 5: Woodie YUL (big blind) folded on the River
Seat 6: lieb_psih folded before Flop (didn't bet)
Seat 7: megtorlo2244 folded before Flop (didn't bet)
Seat 8: destroynl folded before Flop (didn't bet)
Seat 9: geniuss folded before Flop (didn't bet)



PokerStars Hand #237796524636:  Hold'em No Limit ($0.02/$0.05 USD) - 2022/08/04 20:14:45 PT [2022/08/04 23:14:45 ET]
Table 'Eltigen II' 9-max Seat #4 is the button
Seat 1: JuanDiego7 ($8.85 in chips) 
Seat 2: kdu paliva ($4.78 in chips) 
Seat 3: Dorex2007 ($5 in chips) 
Seat 4: completelyn ($5.69 in chips) 
Seat 5: Woodie YUL ($5 in chips) 
Seat 6: Luigiams ($5 in chips) 
Seat 7: megtorlo2244 ($4.07 in chips) 
Seat 8: destroynl ($8.33 in chips) 
Seat 9: geniuss ($5 in chips) 
Woodie YUL: posts small blind $0.02
Luigiams: posts big blind $0.05
*** HOLE CARDS ***
Dealt to Dorex2007 [5h Jh]
megtorlo2244: folds 
destroynl: raises $0.10 to $0.15
geniuss: folds 
JuanDiego7: folds 
kdu paliva: folds 
Dorex2007: folds 
completelyn: folds 
Woodie YUL: folds 
Luigiams: folds 
Uncalled bet ($0.10) returned to destroynl
destroynl collected $0.12 from pot
destroynl: doesn't show hand 
*** SUMMARY ***
Total pot $0.12 | Rake $0 
Seat 1: JuanDiego7 folded before Flop (didn't bet)
Seat 2: kdu paliva folded before Flop (didn't bet)
Seat 3: Dorex2007 folded before Flop (didn't bet)
Seat 4: completelyn (button) folded before Flop (didn't bet)
Seat 5: Woodie YUL (small blind) folded before Flop
Seat 6: Luigiams (big blind) folded before Flop
Seat 7: megtorlo2244 folded before Flop (didn't bet)
Seat 8: destroynl collected ($0.12)
Seat 9: geniuss folded before Flop (didn't bet)



PokerStars Hand #237796531933:  Hold'em No Limit ($0.02/$0.05 USD) - 2022/08/04 20:15:31 PT [2022/08/04 23:15:31 ET]
Table 'Eltigen II' 9-max Seat #5 is the button
Seat 1: JuanDiego7 ($8.85 in chips) 
Seat 2: kdu paliva ($4.78 in chips) 
Seat 3: Dorex2007 ($5 in chips) 
Seat 4: completelyn ($5.69 in chips) 
Seat 5: Woodie YUL ($5 in chips) 
Seat 6: Luigiams ($4.95 in chips) 
Seat 7: megtorlo2244 ($4.07 in chips) 
Seat 8: destroynl ($8.40 in chips) 
Seat 9: geniuss ($5 in chips) 
Luigiams: posts small blind $0.02
megtorlo2244: posts big blind $0.05
*** HOLE CARDS ***
Dealt to Dorex2007 [2c 6h]
destroynl: raises $0.10 to $0.15
geniuss: folds 
JuanDiego7: folds 
kdu paliva: folds 
Dorex2007: folds 
completelyn: folds 
Woodie YUL: folds 
Luigiams has timed out
Luigiams: folds 
megtorlo2244: folds 
Uncalled bet ($0.10) returned to destroynl
destroynl collected $0.12 from pot
destroynl: doesn't show hand 
*** SUMMARY ***
Total pot $0.12 | Rake $0 
Seat 1: JuanDiego7 folded before Flop (didn't bet)
Seat 2: kdu paliva folded before Flop (didn't bet)
Seat 3: Dorex2007 folded before Flop (didn't bet)
Seat 4: completelyn folded before Flop (didn't bet)
Seat 5: Woodie YUL (button) folded before Flop (didn't bet)
Seat 6: Luigiams (small blind) folded before Flop
Seat 7: megtorlo2244 (big blind) folded before Flop
Seat 8: destroynl collected ($0.12)
Seat 9: geniuss folded before Flop (didn't bet)



PokerStars Hand #237796544411:  Hold'em No Limit ($0.02/$0.05 USD) - 2022/08/04 20:16:50 PT [2022/08/04 23:16:50 ET]
Table 'Eltigen II' 9-max Seat #6 is the button
Seat 1: JuanDiego7 ($8.85 in chips) 
Seat 2: kdu paliva ($4.78 in chips) 
Seat 3: Dorex2007 ($5 in chips) 
Seat 4: completelyn ($5.69 in chips) 
Seat 5: Woodie YUL ($5 in chips) 
Seat 6: Luigiams ($4.93 in chips) 
Seat 7: megtorlo2244 ($4.02 in chips) 
Seat 8: destroynl ($8.47 in chips) 
Seat 9: geniuss ($5 in chips) 
megtorlo2244: posts small blind $0.02
destroynl: posts big blind $0.05
*** HOLE CARDS ***
Dealt to Dorex2007 [2s 8c]
geniuss: folds 
JuanDiego7: folds 
kdu paliva: folds 
Dorex2007: folds 
completelyn: raises $0.05 to $0.10
Woodie YUL: folds 
Luigiams: calls $0.10
megtorlo2244: folds 
destroynl: folds 
*** FLOP *** [Td 6s 6h]
completelyn: checks 
Luigiams: checks 
*** TURN *** [Td 6s 6h] [Kd]
completelyn: checks 
Luigiams: checks 
*** RIVER *** [Td 6s 6h Kd] [9h]
completelyn: bets $0.25
Luigiams: folds 
Uncalled bet ($0.25) returned to completelyn
completelyn collected $0.26 from pot
*** SUMMARY ***
Total pot $0.27 | Rake $0.01 
Board [Td 6s 6h Kd 9h]
Seat 1: JuanDiego7 folded before Flop (didn't bet)
Seat 2: kdu paliva folded before Flop (didn't bet)
Seat 3: Dorex2007 folded before Flop (didn't bet)
Seat 4: completelyn collected ($0.26)
Seat 5: Woodie YUL folded before Flop (didn't bet)
Seat 6: Luigiams (button) folded on the River
Seat 7: megtorlo2244 (small blind) folded before Flop
Seat 8: destroynl (big blind) folded before Flop
Seat 9: geniuss folded before Flop (didn't bet)



PokerStars Hand #237796555688:  Hold'em No Limit ($0.02/$0.05 USD) - 2022/08/04 20:18:01 PT [2022/08/04 23:18:01 ET]
Table 'Eltigen II' 9-max Seat #7 is the button
Seat 1: JuanDiego7 ($8.85 in chips) 
Seat 2: kdu paliva ($4.78 in chips) 
Seat 3: Dorex2007 ($5 in chips) 
Seat 4: completelyn ($5.85 in chips) 
Seat 5: Woodie YUL ($5 in chips) 
Seat 6: Luigiams ($4.83 in chips) 
Seat 7: megtorlo2244 ($4 in chips) 
Seat 8: destroynl ($8.42 in chips) 
Seat 9: geniuss ($5 in chips) 
destroynl: posts small blind $0.02
geniuss: posts big blind $0.05
*** HOLE CARDS ***
Dealt to Dorex2007 [4d As]
JuanDiego7: folds 
kdu paliva: folds 
Dorex2007: folds 
completelyn: calls $0.05
Woodie YUL: folds 
Luigiams: calls $0.05
megtorlo2244: calls $0.05
destroynl: folds 
geniuss: checks 
*** FLOP *** [8s 8h 4c]
geniuss: checks 
completelyn: checks 
Luigiams: checks 
megtorlo2244: bets $0.10
geniuss: folds 
completelyn: calls $0.10
Luigiams: folds 
*** TURN *** [8s 8h 4c] [Ah]
completelyn: checks 
megtorlo2244: bets $0.20
geniuss leaves the table
completelyn: folds 
Uncalled bet ($0.20) returned to megtorlo2244
megtorlo2244 collected $0.40 from pot
megtorlo2244: doesn't show hand 
*** SUMMARY ***
Total pot $0.42 | Rake $0.02 
Board [8s 8h 4c Ah]
Seat 1: JuanDiego7 folded before Flop (didn't bet)
Seat 2: kdu paliva folded before Flop (didn't bet)
Seat 3: Dorex2007 folded before Flop (didn't bet)
Seat 4: completelyn folded on the Turn
Seat 5: Woodie YUL folded before Flop (didn't bet)
Seat 6: Luigiams folded on the Flop
Seat 7: megtorlo2244 (button) collected ($0.40)
Seat 8: destroynl (small blind) folded before Flop
Seat 9: geniuss (big blind) folded on the Flop



PokerStars Hand #237796571558:  Hold'em No Limit ($0.02/$0.05 USD) - 2022/08/04 20:19:41 PT [2022/08/04 23:19:41 ET]
Table 'Eltigen II' 9-max Seat #8 is the button
Seat 1: JuanDiego7 ($8.85 in chips) 
Seat 2: kdu paliva ($4.78 in chips) 
Seat 3: Dorex2007 ($5 in chips) 
Seat 4: completelyn ($5.70 in chips) 
Seat 5: Woodie YUL ($5 in chips) 
Seat 6: Luigiams ($4.78 in chips) 
Seat 7: megtorlo2244 ($4.25 in chips) 
Seat 8: destroynl ($8.40 in chips) 
JuanDiego7: posts small blind $0.02
kdu paliva: posts big blind $0.05
*** HOLE CARDS ***
Dealt to Dorex2007 [3s Kd]
Dorex2007: folds 
completelyn: raises $0.10 to $0.15
Woodie YUL: calls $0.15
Luigiams: raises $0.35 to $0.50
megtorlo2244: folds 
destroynl: folds 
JuanDiego7: folds 
kdu paliva: folds 
completelyn: calls $0.35
Woodie YUL: calls $0.35
*** FLOP *** [5s 9s Ad]
completelyn: checks 
Woodie YUL: checks 
Luigiams: bets $0.75
completelyn: calls $0.75
Woodie YUL: folds 
*** TURN *** [5s 9s Ad] [9h]
yepciaran joins the table at seat #9 
completelyn: checks 
Luigiams: bets $0.75
completelyn: calls $0.75
*** RIVER *** [5s 9s Ad 9h] [7h]
completelyn: bets $0.75
Luigiams: raises $2.03 to $2.78 and is all-in
completelyn has timed out
completelyn: folds 
Uncalled bet ($2.03) returned to Luigiams
Luigiams collected $5.82 from pot
*** SUMMARY ***
Total pot $6.07 | Rake $0.25 
Board [5s 9s Ad 9h 7h]
Seat 1: JuanDiego7 (small blind) folded before Flop
Seat 2: kdu paliva (big blind) folded before Flop
Seat 3: Dorex2007 folded before Flop (didn't bet)
Seat 4: completelyn folded on the River
Seat 5: Woodie YUL folded on the Flop
Seat 6: Luigiams collected ($5.82)
Seat 7: megtorlo2244 folded before Flop (didn't bet)
Seat 8: destroynl (button) folded before Flop (didn't bet)



PokerStars Hand #237796600752:  Hold'em No Limit ($0.02/$0.05 USD) - 2022/08/04 20:22:04 PT [2022/08/04 23:22:04 ET]
Table 'Eltigen II' 9-max Seat #1 is the button
Seat 1: JuanDiego7 ($8.83 in chips) 
Seat 2: kdu paliva ($4.73 in chips) 
Seat 3: Dorex2007 ($5 in chips) 
Seat 5: Woodie YUL ($5 in chips) 
Seat 6: Luigiams ($7.85 in chips) 
Seat 7: megtorlo2244 ($4.25 in chips) 
Seat 8: destroynl ($8.40 in chips) 
Seat 9: yepciaran ($5 in chips) 
kdu paliva: posts small blind $0.02
Dorex2007: posts big blind $0.05
yepciaran: posts big blind $0.05
*** HOLE CARDS ***
Dealt to Dorex2007 [2s 6s]
Woodie YUL: folds 
Luigiams: folds 
megtorlo2244: folds 
destroynl: folds 
yepciaran: checks 
JuanDiego7: folds 
kdu paliva: raises $0.25 to $0.30
Dorex2007: folds 
yepciaran: folds 
Uncalled bet ($0.25) returned to kdu paliva
kdu paliva collected $0.15 from pot
*** SUMMARY ***
Total pot $0.15 | Rake $0 
Seat 1: JuanDiego7 (button) folded before Flop (didn't bet)
Seat 2: kdu paliva (small blind) collected ($0.15)
Seat 3: Dorex2007 (big blind) folded before Flop
Seat 5: Woodie YUL folded before Flop (didn't bet)
Seat 6: Luigiams folded before Flop (didn't bet)
Seat 7: megtorlo2244 folded before Flop (didn't bet)
Seat 8: destroynl folded before Flop (didn't bet)
Seat 9: yepciaran folded before Flop (didn't bet)



PokerStars Hand #237796605815:  Hold'em No Limit ($0.02/$0.05 USD) - 2022/08/04 20:22:37 PT [2022/08/04 23:22:37 ET]
Table 'Eltigen II' 9-max Seat #2 is the button
Seat 1: JuanDiego7 ($8.83 in chips) 
Seat 2: kdu paliva ($4.83 in chips) 
Seat 3: Dorex2007 ($5 in chips) 
Seat 4: completelyn ($2.95 in chips) 
Seat 5: Woodie YUL ($5 in chips) 
Seat 6: Luigiams ($7.85 in chips) 
Seat 7: megtorlo2244 ($4.25 in chips) 
Seat 8: destroynl ($8.40 in chips) 
Seat 9: yepciaran ($4.95 in chips) 
Dorex2007: posts small blind $0.02
completelyn: posts big blind $0.05
*** HOLE CARDS ***
Dealt to Dorex2007 [7d Kd]
Woodie YUL: folds 
Luigiams: calls $0.05
megtorlo2244: folds 
destroynl: raises $0.10 to $0.15
yepciaran: folds 
JuanDiego7: folds 
kdu paliva: calls $0.15
Dorex2007: folds 
completelyn: calls $0.10
Luigiams: calls $0.10
*** FLOP *** [Jh 3s Kh]
completelyn: checks 
Luigiams: checks 
destroynl: bets $0.30
kdu paliva: folds 
completelyn: folds 
Luigiams: calls $0.30
*** TURN *** [Jh 3s Kh] [Ad]
Luigiams: checks 
destroynl: checks 
*** RIVER *** [Jh 3s Kh Ad] [Th]
Luigiams: bets $1.25
destroynl: calls $1.25
*** SHOW DOWN ***
Luigiams: shows [Ah 8h] (a flush, Ace high)
destroynl: mucks hand 
Luigiams collected $3.57 from pot
*** SUMMARY ***
Total pot $3.72 | Rake $0.15 
Board [Jh 3s Kh Ad Th]
Seat 1: JuanDiego7 folded before Flop (didn't bet)
Seat 2: kdu paliva (button) folded on the Flop
Seat 3: Dorex2007 (small blind) folded before Flop
Seat 4: completelyn (big blind) folded on the Flop
Seat 5: Woodie YUL folded before Flop (didn't bet)
Seat 6: Luigiams showed [Ah 8h] and won ($3.57) with a flush, Ace high
Seat 7: megtorlo2244 folded before Flop (didn't bet)
Seat 8: destroynl mucked [4h 2h]
Seat 9: yepciaran folded before Flop (didn't bet)



PokerStars Hand #237796620997:  Hold'em No Limit ($0.02/$0.05 USD) - 2022/08/04 20:24:15 PT [2022/08/04 23:24:15 ET]
Table 'Eltigen II' 9-max Seat #3 is the button
Seat 1: JuanDiego7 ($8.83 in chips) 
Seat 2: kdu paliva ($4.68 in chips) 
Seat 3: Dorex2007 ($5 in chips) 
Seat 4: completelyn ($2.80 in chips) 
Seat 5: Woodie YUL ($5 in chips) 
Seat 6: Luigiams ($9.72 in chips) 
Seat 7: megtorlo2244 ($4.25 in chips) 
Seat 8: destroynl ($6.70 in chips) 
Seat 9: yepciaran ($4.95 in chips) 
completelyn: posts small blind $0.02
Woodie YUL: posts big blind $0.05
*** HOLE CARDS ***
Dealt to Dorex2007 [2d Jd]
Luigiams: raises $0.05 to $0.10
megtorlo2244: calls $0.10
destroynl: folds 
yepciaran: calls $0.10
JuanDiego7: folds 
kdu paliva: calls $0.10
Dorex2007: folds 
completelyn: calls $0.08
Woodie YUL: folds 
*** FLOP *** [2c 4h 2h]
completelyn: checks 
Luigiams: checks 
megtorlo2244: bets $0.10
yepciaran: calls $0.10
kdu paliva: calls $0.10
completelyn: calls $0.10
Luigiams: calls $0.10
*** TURN *** [2c 4h 2h] [3c]
completelyn: checks 
Luigiams: checks 
megtorlo2244: checks 
yepciaran: checks 
kdu paliva: checks 
*** RIVER *** [2c 4h 2h 3c] [5h]
completelyn: bets $2.60 and is all-in
Luigiams: folds 
megtorlo2244: calls $2.60
yepciaran: raises $2.15 to $4.75 and is all-in
kdu paliva: folds 
megtorlo2244: calls $1.45 and is all-in
Uncalled bet ($0.70) returned to yepciaran
*** SHOW DOWN ***
yepciaran: shows [Kh Th] (a flush, King high)
megtorlo2244: shows [Ah 8h] (a flush, Ace high)
megtorlo2244 collected $2.78 from side pot
completelyn: shows [3h 2s] (a full house, Deuces full of Threes)
completelyn collected $8.48 from main pot
*** SUMMARY ***
Total pot $11.75 Main pot $8.48. Side pot $2.78. | Rake $0.49 
Board [2c 4h 2h 3c 5h]
Seat 1: JuanDiego7 folded before Flop (didn't bet)
Seat 2: kdu paliva folded on the River
Seat 3: Dorex2007 (button) folded before Flop (didn't bet)
Seat 4: completelyn (small blind) showed [3h 2s] and won ($8.48) with a full house, Deuces full of Threes
Seat 5: Woodie YUL (big blind) folded before Flop
Seat 6: Luigiams folded on the River
Seat 7: megtorlo2244 showed [Ah 8h] and won ($2.78) with a flush, Ace high
Seat 8: destroynl folded before Flop (didn't bet)
Seat 9: yepciaran showed [Kh Th] and lost with a flush, King high



PokerStars Hand #237796645140:  Hold'em No Limit ($0.02/$0.05 USD) - 2022/08/04 20:26:34 PT [2022/08/04 23:26:34 ET]
Table 'Eltigen II' 9-max Seat #4 is the button
Seat 1: JuanDiego7 ($8.83 in chips) 
Seat 2: kdu paliva ($4.48 in chips) 
Seat 3: Dorex2007 ($5 in chips) 
Seat 4: completelyn ($8.48 in chips) 
Seat 5: Woodie YUL ($5 in chips) 
Seat 6: Luigiams ($9.52 in chips) 
Seat 7: megtorlo2244 ($4 in chips) 
Seat 8: destroynl ($6.70 in chips) 
Seat 9: yepciaran ($0.70 in chips) 
Woodie YUL: posts small blind $0.02
Luigiams: posts big blind $0.05
*** HOLE CARDS ***
Dealt to Dorex2007 [Qd 5c]
megtorlo2244: calls $0.05
destroynl: raises $0.15 to $0.20
yepciaran: folds 
JuanDiego7: folds 
kdu paliva: folds 
Dorex2007: folds 
completelyn: calls $0.20
Woodie YUL: folds 
Luigiams: folds 
megtorlo2244: folds 
*** FLOP *** [5s Kh 5d]
destroynl: bets $0.30
completelyn: folds 
Uncalled bet ($0.30) returned to destroynl
destroynl collected $0.50 from pot
destroynl: doesn't show hand 
*** SUMMARY ***
Total pot $0.52 | Rake $0.02 
Board [5s Kh 5d]
Seat 1: JuanDiego7 folded before Flop (didn't bet)
Seat 2: kdu paliva folded before Flop (didn't bet)
Seat 3: Dorex2007 folded before Flop (didn't bet)
Seat 4: completelyn (button) folded on the Flop
Seat 5: Woodie YUL (small blind) folded before Flop
Seat 6: Luigiams (big blind) folded before Flop
Seat 7: megtorlo2244 folded before Flop
Seat 8: destroynl collected ($0.50)
Seat 9: yepciaran folded before Flop (didn't bet)



PokerStars Hand #237796652876:  Hold'em No Limit ($0.02/$0.05 USD) - 2022/08/04 20:27:25 PT [2022/08/04 23:27:25 ET]
Table 'Eltigen II' 9-max Seat #5 is the button
Seat 1: JuanDiego7 ($8.83 in chips) 
Seat 2: kdu paliva ($4.48 in chips) 
Seat 3: Dorex2007 ($5 in chips) 
Seat 4: completelyn ($8.28 in chips) 
Seat 5: Woodie YUL ($5 in chips) 
Seat 6: Luigiams ($9.47 in chips) 
Seat 7: megtorlo2244 ($4 in chips) 
Seat 8: destroynl ($7 in chips) 
Seat 9: yepciaran ($0.70 in chips) 
Luigiams: posts small blind $0.02
megtorlo2244: posts big blind $0.05
*** HOLE CARDS ***
Dealt to Dorex2007 [Tc 2c]
destroynl: raises $0.10 to $0.15
yepciaran: folds 
JuanDiego7: folds 
kdu paliva: calls $0.15
Dorex2007: folds 
completelyn: calls $0.15
Woodie YUL: calls $0.15
Luigiams: calls $0.13
megtorlo2244: calls $0.10
*** FLOP *** [2h 4c 3d]
Luigiams: checks 
megtorlo2244: checks 
destroynl: bets $0.50
kdu paliva: folds 
completelyn: folds 
Woodie YUL: folds 
Luigiams: folds 
megtorlo2244: folds 
Uncalled bet ($0.50) returned to destroynl
destroynl collected $0.86 from pot
destroynl: doesn't show hand 
*** SUMMARY ***
Total pot $0.90 | Rake $0.04 
Board [2h 4c 3d]
Seat 1: JuanDiego7 folded before Flop (didn't bet)
Seat 2: kdu paliva folded on the Flop
Seat 3: Dorex2007 folded before Flop (didn't bet)
Seat 4: completelyn folded on the Flop
Seat 5: Woodie YUL (button) folded on the Flop
Seat 6: Luigiams (small blind) folded on the Flop
Seat 7: megtorlo2244 (big blind) folded on the Flop
Seat 8: destroynl collected ($0.86)
Seat 9: yepciaran folded before Flop (didn't bet)



PokerStars Hand #237796666824:  Hold'em No Limit ($0.02/$0.05 USD) - 2022/08/04 20:28:56 PT [2022/08/04 23:28:56 ET]
Table 'Eltigen II' 9-max Seat #6 is the button
Seat 1: JuanDiego7 ($8.83 in chips) 
Seat 2: kdu paliva ($4.33 in chips) 
Seat 3: Dorex2007 ($5 in chips) 
Seat 4: completelyn ($8.13 in chips) 
Seat 5: Woodie YUL ($5 in chips) 
Seat 6: Luigiams ($9.32 in chips) 
Seat 7: megtorlo2244 ($4 in chips) 
Seat 9: yepciaran ($0.70 in chips) 
megtorlo2244: posts small blind $0.02
destroynl: is sitting out 
yepciaran: posts big blind $0.05
*** HOLE CARDS ***
Dealt to Dorex2007 [7c Js]
JuanDiego7: folds 
destroynl leaves the table
kdu paliva: folds 
Dorex2007: folds 
completelyn: folds 
Woodie YUL: raises $0.12 to $0.17
Lagosha joins the table at seat #8 
Luigiams: folds 
megtorlo2244: folds 
yepciaran: calls $0.12
*** FLOP *** [7d Jc Kh]
yepciaran: checks 
Woodie YUL: bets $0.35
yepciaran: folds 
Uncalled bet ($0.35) returned to Woodie YUL
Woodie YUL collected $0.35 from pot
*** SUMMARY ***
Total pot $0.36 | Rake $0.01 
Board [7d Jc Kh]
Seat 1: JuanDiego7 folded before Flop (didn't bet)
Seat 2: kdu paliva folded before Flop (didn't bet)
Seat 3: Dorex2007 folded before Flop (didn't bet)
Seat 4: completelyn folded before Flop (didn't bet)
Seat 5: Woodie YUL collected ($0.35)
Seat 6: Luigiams (button) folded before Flop (didn't bet)
Seat 7: megtorlo2244 (small blind) folded before Flop
Seat 9: yepciaran (big blind) folded on the Flop



PokerStars Hand #237796671871:  Hold'em No Limit ($0.02/$0.05 USD) - 2022/08/04 20:29:30 PT [2022/08/04 23:29:30 ET]
Table 'Eltigen II' 9-max Seat #7 is the button
Seat 1: JuanDiego7 ($8.83 in chips) 
Seat 2: kdu paliva ($4.33 in chips) 
Seat 3: Dorex2007 ($5 in chips) 
Seat 4: completelyn ($8.13 in chips) 
Seat 5: Woodie YUL ($5.18 in chips) 
Seat 6: Luigiams ($9.32 in chips) 
Seat 7: megtorlo2244 ($4 in chips) 
Seat 9: yepciaran ($0.53 in chips) 
yepciaran: posts small blind $0.02
JuanDiego7: posts big blind $0.05
*** HOLE CARDS ***
Dealt to Dorex2007 [7h Kd]
kdu paliva: folds 
Dorex2007 has timed out
Dorex2007: folds 
completelyn: folds 
Woodie YUL: folds 
Luigiams: folds 
megtorlo2244: calls $0.05
yepciaran: folds 
JuanDiego7: checks 
*** FLOP *** [Td 5d 3c]
JuanDiego7: checks 
megtorlo2244: bets $0.05
JuanDiego7: folds 
Uncalled bet ($0.05) returned to megtorlo2244
megtorlo2244 collected $0.12 from pot
megtorlo2244: doesn't show hand 
*** SUMMARY ***
Total pot $0.12 | Rake $0 
Board [Td 5d 3c]
Seat 1: JuanDiego7 (big blind) folded on the Flop
Seat 2: kdu paliva folded before Flop (didn't bet)
Seat 3: Dorex2007 folded before Flop (didn't bet)
Seat 4: completelyn folded before Flop (didn't bet)
Seat 5: Woodie YUL folded before Flop (didn't bet)
Seat 6: Luigiams folded before Flop (didn't bet)
Seat 7: megtorlo2244 (button) collected ($0.12)
Seat 9: yepciaran (small blind) folded before Flop



PokerStars Hand #237796681046:  Hold'em No Limit ($0.02/$0.05 USD) - 2022/08/04 20:30:32 PT [2022/08/04 23:30:32 ET]
Table 'Eltigen II' 9-max Seat #9 is the button
Seat 1: JuanDiego7 ($8.78 in chips) 
Seat 2: kdu paliva ($4.33 in chips) 
Seat 3: Dorex2007 ($5 in chips) 
Seat 4: completelyn ($8.13 in chips) 
Seat 5: Woodie YUL ($5.18 in chips) 
Seat 6: Luigiams ($9.32 in chips) 
Seat 7: megtorlo2244 ($4.07 in chips) 
Seat 8: Lagosha ($5 in chips) 
Seat 9: yepciaran ($0.51 in chips) 
JuanDiego7: posts small blind $0.02
kdu paliva: posts big blind $0.05
Lagosha: posts big blind $0.05
*** HOLE CARDS ***
Dealt to Dorex2007 [Kd 4d]
Dorex2007: folds 
completelyn: raises $0.10 to $0.15
Woodie YUL: raises $0.32 to $0.47
Luigiams: folds 
megtorlo2244: folds 
Lagosha: folds 
yepciaran: raises $0.04 to $0.51 and is all-in
JuanDiego7: folds 
kdu paliva: folds 
completelyn: calls $0.36
Woodie YUL: calls $0.04
*** FLOP *** [Td Jh Ac]
completelyn: checks 
Woodie YUL: bets $4.67 and is all-in
completelyn: folds 
Uncalled bet ($4.67) returned to Woodie YUL
*** TURN *** [Td Jh Ac] [6h]
*** RIVER *** [Td Jh Ac 6h] [2d]
*** SHOW DOWN ***
Woodie YUL: shows [Kh Qc] (a straight, Ten to Ace)
yepciaran: shows [Th Kc] (a pair of Tens)
Woodie YUL collected $1.58 from pot
*** SUMMARY ***
Total pot $1.65 | Rake $0.07 
Board [Td Jh Ac 6h 2d]
Seat 1: JuanDiego7 (small blind) folded before Flop
Seat 2: kdu paliva (big blind) folded before Flop
Seat 3: Dorex2007 folded before Flop (didn't bet)
Seat 4: completelyn folded on the Flop
Seat 5: Woodie YUL showed [Kh Qc] and won ($1.58) with a straight, Ten to Ace
Seat 6: Luigiams folded before Flop (didn't bet)
Seat 7: megtorlo2244 folded before Flop (didn't bet)
Seat 8: Lagosha folded before Flop (didn't bet)
Seat 9: yepciaran (button) showed [Th Kc] and lost with a pair of Tens



PokerStars Hand #237796700217:  Hold'em No Limit ($0.02/$0.05 USD) - 2022/08/04 20:31:49 PT [2022/08/04 23:31:49 ET]
Table 'Eltigen II' 9-max Seat #1 is the button
Seat 1: JuanDiego7 ($8.76 in chips) 
Seat 2: kdu paliva ($4.28 in chips) 
Seat 3: Dorex2007 ($5 in chips) 
Seat 4: completelyn ($7.62 in chips) 
Seat 5: Woodie YUL ($6.25 in chips) 
Seat 6: Luigiams ($9.32 in chips) 
Seat 7: megtorlo2244 ($4.07 in chips) 
Seat 8: Lagosha ($5 in chips) 
kdu paliva: posts small blind $0.02
Dorex2007: posts big blind $0.05
*** HOLE CARDS ***
Dealt to Dorex2007 [9h 2h]
completelyn: calls $0.05
Woodie YUL: folds 
yepciaran is disconnected 
Luigiams: raises $0.20 to $0.25
megtorlo2244: folds 
Lagosha: calls $0.25
JuanDiego7: folds 
kdu paliva: folds 
Dorex2007: folds 
completelyn: calls $0.20
*** FLOP *** [Kd 8s 9c]
completelyn: checks 
Luigiams: checks 
Lagosha: bets $0.39
completelyn: calls $0.39
Luigiams: folds 
*** TURN *** [Kd 8s 9c] [4d]
completelyn: checks 
Lagosha: bets $0.76
completelyn: calls $0.76
*** RIVER *** [Kd 8s 9c 4d] [Js]
completelyn has timed out
completelyn: checks 
Lagosha: checks 
*** SHOW DOWN ***
completelyn: shows [Th 4h] (a pair of Fours)
Lagosha: shows [6d 6c] (a pair of Sixes)
Lagosha collected $2.99 from pot
*** SUMMARY ***
Total pot $3.12 | Rake $0.13 
Board [Kd 8s 9c 4d Js]
Seat 1: JuanDiego7 (button) folded before Flop (didn't bet)
Seat 2: kdu paliva (small blind) folded before Flop
Seat 3: Dorex2007 (big blind) folded before Flop
Seat 4: completelyn showed [Th 4h] and lost with a pair of Fours
Seat 5: Woodie YUL folded before Flop (didn't bet)
Seat 6: Luigiams folded on the Flop
Seat 7: megtorlo2244 folded before Flop (didn't bet)
Seat 8: Lagosha showed [6d 6c] and won ($2.99) with a pair of Sixes



PokerStars Hand #237796713090:  Hold'em No Limit ($0.02/$0.05 USD) - 2022/08/04 20:33:15 PT [2022/08/04 23:33:15 ET]
Table 'Eltigen II' 9-max Seat #2 is the button
Seat 1: JuanDiego7 ($8.76 in chips) 
Seat 2: kdu paliva ($4.26 in chips) 
Seat 3: Dorex2007 ($5 in chips) 
Seat 4: completelyn ($6.22 in chips) 
Seat 5: Woodie YUL ($6.25 in chips) 
Seat 6: Luigiams ($9.07 in chips) 
Seat 7: megtorlo2244 ($4.07 in chips) 
Seat 8: Lagosha ($6.59 in chips) 
Dorex2007: posts small blind $0.02
completelyn: posts big blind $0.05
*** HOLE CARDS ***
Dealt to Dorex2007 [6s 3d]
Woodie YUL: folds 
Luigiams: folds 
megtorlo2244: folds 
Lagosha: folds 
JuanDiego7: raises $0.12 to $0.17
kdu paliva: folds 
Dorex2007: folds 
completelyn: calls $0.12
*** FLOP *** [3h 5s Kh]
completelyn: checks 
JuanDiego7: bets $0.15
completelyn: calls $0.15
*** TURN *** [3h 5s Kh] [8d]
completelyn: checks 
JuanDiego7: bets $0.25
completelyn: raises $1.05 to $1.30
JuanDiego7: calls $1.05
*** RIVER *** [3h 5s Kh 8d] [2h]
completelyn: bets $0.80
JuanDiego7: calls $0.80
*** SHOW DOWN ***
completelyn: shows [6h Ks] (a pair of Kings)
JuanDiego7: mucks hand 
completelyn collected $4.66 from pot
*** SUMMARY ***
Total pot $4.86 | Rake $0.20 
Board [3h 5s Kh 8d 2h]
Seat 1: JuanDiego7 mucked [Qs Qd]
Seat 2: kdu paliva (button) folded before Flop (didn't bet)
Seat 3: Dorex2007 (small blind) folded before Flop
Seat 4: completelyn (big blind) showed [6h Ks] and won ($4.66) with a pair of Kings
Seat 5: Woodie YUL folded before Flop (didn't bet)
Seat 6: Luigiams folded before Flop (didn't bet)
Seat 7: megtorlo2244 folded before Flop (didn't bet)
Seat 8: Lagosha folded before Flop (didn't bet)



PokerStars Hand #237796725767:  Hold'em No Limit ($0.02/$0.05 USD) - 2022/08/04 20:34:41 PT [2022/08/04 23:34:41 ET]
Table 'Eltigen II' 9-max Seat #3 is the button
Seat 1: JuanDiego7 ($6.34 in chips) 
Seat 2: kdu paliva ($4.26 in chips) 
Seat 3: Dorex2007 ($5 in chips) 
Seat 4: completelyn ($8.46 in chips) 
Seat 5: Woodie YUL ($6.25 in chips) 
Seat 6: Luigiams ($9.07 in chips) 
Seat 7: megtorlo2244 ($4.07 in chips) 
Seat 8: Lagosha ($6.59 in chips) 
completelyn: posts small blind $0.02
Woodie YUL: posts big blind $0.05
*** HOLE CARDS ***
Dealt to Dorex2007 [2h Ts]
Luigiams: folds 
megtorlo2244: raises $0.10 to $0.15
Lagosha: folds 
JuanDiego7: folds 
kdu paliva: folds 
Dorex2007: folds 
completelyn: calls $0.13
Woodie YUL: folds 
*** FLOP *** [2s 5d Ks]
completelyn: checks 
megtorlo2244: bets $0.20
completelyn: calls $0.20
*** TURN *** [2s 5d Ks] [4s]
completelyn: checks 
megtorlo2244: bets $0.40
completelyn: calls $0.40
*** RIVER *** [2s 5d Ks 4s] [6d]
completelyn: checks 
megtorlo2244: checks 
*** SHOW DOWN ***
completelyn: shows [Ad Tc] (high card Ace)
megtorlo2244: shows [8s 8h] (a pair of Eights)
megtorlo2244 collected $1.49 from pot
*** SUMMARY ***
Total pot $1.55 | Rake $0.06 
Board [2s 5d Ks 4s 6d]
Seat 1: JuanDiego7 folded before Flop (didn't bet)
Seat 2: kdu paliva folded before Flop (didn't bet)
Seat 3: Dorex2007 (button) folded before Flop (didn't bet)
Seat 4: completelyn (small blind) showed [Ad Tc] and lost with high card Ace
Seat 5: Woodie YUL (big blind) folded before Flop
Seat 6: Luigiams folded before Flop (didn't bet)
Seat 7: megtorlo2244 showed [8s 8h] and won ($1.49) with a pair of Eights
Seat 8: Lagosha folded before Flop (didn't bet)



PokerStars Hand #237796734787:  Hold'em No Limit ($0.02/$0.05 USD) - 2022/08/04 20:35:43 PT [2022/08/04 23:35:43 ET]
Table 'Eltigen II' 9-max Seat #4 is the button
Seat 1: JuanDiego7 ($6.34 in chips) 
Seat 2: kdu paliva ($4.26 in chips) 
Seat 3: Dorex2007 ($5 in chips) 
Seat 4: completelyn ($7.71 in chips) 
Seat 5: Woodie YUL ($6.20 in chips) 
Seat 7: megtorlo2244 ($4.81 in chips) 
Seat 8: Lagosha ($6.59 in chips) 
Woodie YUL: posts small blind $0.02
Luigiams: is sitting out 
megtorlo2244: posts big blind $0.05
*** HOLE CARDS ***
Dealt to Dorex2007 [9c As]
Lagosha: folds 
JuanDiego7: folds 
kdu paliva: folds 
Dorex2007: folds 
completelyn: raises $0.15 to $0.20
Woodie YUL: folds 
megtorlo2244: folds 
Uncalled bet ($0.15) returned to completelyn
completelyn collected $0.12 from pot
*** SUMMARY ***
Total pot $0.12 | Rake $0 
Seat 1: JuanDiego7 folded before Flop (didn't bet)
Seat 2: kdu paliva folded before Flop (didn't bet)
Seat 3: Dorex2007 folded before Flop (didn't bet)
Seat 4: completelyn (button) collected ($0.12)
Seat 5: Woodie YUL (small blind) folded before Flop
Seat 7: megtorlo2244 (big blind) folded before Flop
Seat 8: Lagosha folded before Flop (didn't bet)



PokerStars Hand #237796739431:  Hold'em No Limit ($0.02/$0.05 USD) - 2022/08/04 20:36:14 PT [2022/08/04 23:36:14 ET]
Table 'Eltigen II' 9-max Seat #5 is the button
Seat 1: JuanDiego7 ($6.34 in chips) 
Seat 2: kdu paliva ($4.26 in chips) 
Seat 3: Dorex2007 ($5 in chips) 
Seat 4: completelyn ($7.78 in chips) 
Seat 5: Woodie YUL ($6.18 in chips) 
Seat 7: megtorlo2244 ($4.76 in chips) 
Seat 8: Lagosha ($6.59 in chips) 
megtorlo2244: posts small blind $0.02
Lagosha: posts big blind $0.05
*** HOLE CARDS ***
Dealt to Dorex2007 [4h Ts]
JuanDiego7: folds 
kdu paliva: folds 
Dorex2007: folds 
completelyn: raises $0.05 to $0.10
Woodie YUL: folds 
megtorlo2244: folds 
Lagosha: calls $0.05
*** FLOP *** [Kh 9c 6c]
Lagosha: checks 
completelyn: bets $0.15
Lagosha: folds 
Uncalled bet ($0.15) returned to completelyn
completelyn collected $0.21 from pot
*** SUMMARY ***
Total pot $0.22 | Rake $0.01 
Board [Kh 9c 6c]
Seat 1: JuanDiego7 folded before Flop (didn't bet)
Seat 2: kdu paliva folded before Flop (didn't bet)
Seat 3: Dorex2007 folded before Flop (didn't bet)
Seat 4: completelyn collected ($0.21)
Seat 5: Woodie YUL (button) folded before Flop (didn't bet)
Seat 7: megtorlo2244 (small blind) folded before Flop
Seat 8: Lagosha (big blind) folded on the Flop



PokerStars Hand #237796744543:  Hold'em No Limit ($0.02/$0.05 USD) - 2022/08/04 20:36:50 PT [2022/08/04 23:36:50 ET]
Table 'Eltigen II' 9-max Seat #7 is the button
Seat 1: JuanDiego7 ($6.34 in chips) 
Seat 2: kdu paliva ($4.26 in chips) 
Seat 3: Dorex2007 ($5 in chips) 
Seat 4: completelyn ($7.89 in chips) 
Seat 5: Woodie YUL ($6.18 in chips) 
Seat 7: megtorlo2244 ($4.74 in chips) 
Seat 8: Lagosha ($6.49 in chips) 
Lagosha: posts small blind $0.02
JuanDiego7: posts big blind $0.05
*** HOLE CARDS ***
Dealt to Dorex2007 [5s Ts]
kdu paliva: folds 
Dorex2007: folds 
completelyn: calls $0.05
Woodie YUL: raises $0.13 to $0.18
megtorlo2244: calls $0.18
Lagosha: folds 
JuanDiego7: raises $0.61 to $0.79
completelyn: folds 
Woodie YUL: calls $0.61
megtorlo2244: folds 
*** FLOP *** [Qc 7c 8d]
JuanDiego7: bets $0.90
Woodie YUL: folds 
Uncalled bet ($0.90) returned to JuanDiego7
JuanDiego7 collected $1.75 from pot
JuanDiego7: doesn't show hand 
*** SUMMARY ***
Total pot $1.83 | Rake $0.08 
Board [Qc 7c 8d]
Seat 1: JuanDiego7 (big blind) collected ($1.75)
Seat 2: kdu paliva folded before Flop (didn't bet)
Seat 3: Dorex2007 folded before Flop (didn't bet)
Seat 4: completelyn folded before Flop
Seat 5: Woodie YUL folded on the Flop
Seat 7: megtorlo2244 (button) folded before Flop
Seat 8: Lagosha (small blind) folded before Flop



PokerStars Hand #237796753108:  Hold'em No Limit ($0.02/$0.05 USD) - 2022/08/04 20:37:48 PT [2022/08/04 23:37:48 ET]
Table 'Eltigen II' 9-max Seat #8 is the button
Seat 1: JuanDiego7 ($7.30 in chips) 
Seat 2: kdu paliva ($4.26 in chips) 
Seat 3: Dorex2007 ($5 in chips) 
Seat 4: completelyn ($7.84 in chips) 
Seat 5: Woodie YUL ($5.39 in chips) 
Seat 7: megtorlo2244 ($4.56 in chips) 
Seat 8: Lagosha ($6.47 in chips) 
JuanDiego7: posts small blind $0.02
kdu paliva: posts big blind $0.05
*** HOLE CARDS ***
Dealt to Dorex2007 [Kc Qs]
Dorex2007: raises $0.15 to $0.20
completelyn: folds 
Woodie YUL: folds 
megtorlo2244: folds 
Lagosha: folds 
JuanDiego7: folds 
kdu paliva: folds 
Uncalled bet ($0.15) returned to Dorex2007
Dorex2007 collected $0.12 from pot
Dorex2007: doesn't show hand 
*** SUMMARY ***
Total pot $0.12 | Rake $0 
Seat 1: JuanDiego7 (small blind) folded before Flop
Seat 2: kdu paliva (big blind) folded before Flop
Seat 3: Dorex2007 collected ($0.12)
Seat 4: completelyn folded before Flop (didn't bet)
Seat 5: Woodie YUL folded before Flop (didn't bet)
Seat 7: megtorlo2244 folded before Flop (didn't bet)
Seat 8: Lagosha (button) folded before Flop (didn't bet)



PokerStars Hand #237796756077:  Hold'em No Limit ($0.02/$0.05 USD) - 2022/08/04 20:38:09 PT [2022/08/04 23:38:09 ET]
Table 'Eltigen II' 9-max Seat #1 is the button
Seat 1: JuanDiego7 ($7.28 in chips) 
Seat 2: kdu paliva ($4.21 in chips) 
Seat 3: Dorex2007 ($5.07 in chips) 
Seat 4: completelyn ($7.84 in chips) 
Seat 5: Woodie YUL ($5.39 in chips) 
Seat 7: megtorlo2244 ($4.56 in chips) 
Seat 8: Lagosha ($6.47 in chips) 
kdu paliva: posts small blind $0.02
Dorex2007: posts big blind $0.05
*** HOLE CARDS ***
Dealt to Dorex2007 [4s 2d]
completelyn: raises $0.10 to $0.15
Woodie YUL: folds 
megtorlo2244: folds 
Lagosha: folds 
JuanDiego7: folds 
kdu paliva: folds 
Dorex2007: folds 
Uncalled bet ($0.10) returned to completelyn
completelyn collected $0.12 from pot
Luigiams leaves the table
*** SUMMARY ***
Total pot $0.12 | Rake $0 
Seat 1: JuanDiego7 (button) folded before Flop (didn't bet)
Seat 2: kdu paliva (small blind) folded before Flop
Seat 3: Dorex2007 (big blind) folded before Flop
Seat 4: completelyn collected ($0.12)
Seat 5: Woodie YUL folded before Flop (didn't bet)
Seat 7: megtorlo2244 folded before Flop (didn't bet)
Seat 8: Lagosha folded before Flop (didn't bet)



PokerStars Hand #237796759007:  Hold'em No Limit ($0.02/$0.05 USD) - 2022/08/04 20:38:30 PT [2022/08/04 23:38:30 ET]
Table 'Eltigen II' 9-max Seat #2 is the button
Seat 1: JuanDiego7 ($7.28 in chips) 
Seat 2: kdu paliva ($4.19 in chips) 
Seat 3: Dorex2007 ($5.02 in chips) 
Seat 4: completelyn ($7.91 in chips) 
Seat 5: Woodie YUL ($5.39 in chips) 
Seat 7: megtorlo2244 ($4.56 in chips) 
Seat 8: Lagosha ($6.47 in chips) 
Dorex2007: posts small blind $0.02
completelyn: posts big blind $0.05
*** HOLE CARDS ***
Dealt to Dorex2007 [4c 6c]
Woodie YUL: raises $0.09 to $0.14
megtorlo2244: folds 
Lagosha: folds 
JuanDiego7: folds 
kdu paliva: folds 
Dorex2007: folds 
completelyn: calls $0.09
*** FLOP *** [8c 9h 5h]
completelyn: checks 
Woodie YUL: bets $0.15
completelyn: calls $0.15
*** TURN *** [8c 9h 5h] [2s]
completelyn: checks 
Woodie YUL: checks 
*** RIVER *** [8c 9h 5h 2s] [Kh]
completelyn has timed out
completelyn: checks 
Woodie YUL: checks 
*** SHOW DOWN ***
completelyn: shows [Qs 2c] (a pair of Deuces)
Woodie YUL: shows [6d 6h] (a pair of Sixes)
Woodie YUL collected $0.58 from pot
*** SUMMARY ***
Total pot $0.60 | Rake $0.02 
Board [8c 9h 5h 2s Kh]
Seat 1: JuanDiego7 folded before Flop (didn't bet)
Seat 2: kdu paliva (button) folded before Flop (didn't bet)
Seat 3: Dorex2007 (small blind) folded before Flop
Seat 4: completelyn (big blind) showed [Qs 2c] and lost with a pair of Deuces
Seat 5: Woodie YUL showed [6d 6h] and won ($0.58) with a pair of Sixes
Seat 7: megtorlo2244 folded before Flop (didn't bet)
Seat 8: Lagosha folded before Flop (didn't bet)



PokerStars Hand #237796767733:  Hold'em No Limit ($0.02/$0.05 USD) - 2022/08/04 20:39:30 PT [2022/08/04 23:39:30 ET]
Table 'Eltigen II' 9-max Seat #3 is the button
Seat 1: JuanDiego7 ($7.28 in chips) 
Seat 2: kdu paliva ($4.19 in chips) 
Seat 3: Dorex2007 ($5 in chips) 
Seat 4: completelyn ($7.62 in chips) 
Seat 5: Woodie YUL ($5.68 in chips) 
Seat 7: megtorlo2244 ($4.56 in chips) 
Seat 8: Lagosha ($6.47 in chips) 
completelyn: posts small blind $0.02
Woodie YUL: posts big blind $0.05
*** HOLE CARDS ***
Dealt to Dorex2007 [Js Td]
megtorlo2244: folds 
Lagosha: folds 
JuanDiego7: folds 
kdu paliva: folds 
Dorex2007: raises $0.10 to $0.15
completelyn: calls $0.13
geniuss joins the table at seat #6 
Woodie YUL: folds 
*** FLOP *** [5h Jc As]
completelyn: checks 
Dorex2007: checks 
*** TURN *** [5h Jc As] [Kd]
completelyn: bets $0.15
Dorex2007: folds 
Uncalled bet ($0.15) returned to completelyn
completelyn collected $0.34 from pot
*** SUMMARY ***
Total pot $0.35 | Rake $0.01 
Board [5h Jc As Kd]
Seat 1: JuanDiego7 folded before Flop (didn't bet)
Seat 2: kdu paliva folded before Flop (didn't bet)
Seat 3: Dorex2007 (button) folded on the Turn
Seat 4: completelyn (small blind) collected ($0.34)
Seat 5: Woodie YUL (big blind) folded before Flop
Seat 7: megtorlo2244 folded before Flop (didn't bet)
Seat 8: Lagosha folded before Flop (didn't bet)



PokerStars Hand #237796773873:  Hold'em No Limit ($0.02/$0.05 USD) - 2022/08/04 20:40:13 PT [2022/08/04 23:40:13 ET]
Table 'Eltigen II' 9-max Seat #4 is the button
Seat 1: JuanDiego7 ($7.28 in chips) 
Seat 2: kdu paliva ($4.19 in chips) 
Seat 3: Dorex2007 ($5 in chips) 
Seat 4: completelyn ($7.81 in chips) 
Seat 5: Woodie YUL ($5.63 in chips) 
Seat 6: geniuss ($5 in chips) 
Seat 7: megtorlo2244 ($4.56 in chips) 
Seat 8: Lagosha ($6.47 in chips) 
Woodie YUL: posts small blind $0.02
geniuss: posts big blind $0.05
*** HOLE CARDS ***
Dealt to Dorex2007 [7h Qc]
megtorlo2244: folds 
Lagosha: folds 
JuanDiego7: folds 
kdu paliva: folds 
Dorex2007: folds 
completelyn: calls $0.05
Woodie YUL: calls $0.03
geniuss: checks 
*** FLOP *** [8s 2c Tc]
Woodie YUL: checks 
geniuss: checks 
completelyn: bets $0.10
Woodie YUL: folds 
geniuss: folds 
Uncalled bet ($0.10) returned to completelyn
completelyn collected $0.14 from pot
*** SUMMARY ***
Total pot $0.15 | Rake $0.01 
Board [8s 2c Tc]
Seat 1: JuanDiego7 folded before Flop (didn't bet)
Seat 2: kdu paliva folded before Flop (didn't bet)
Seat 3: Dorex2007 folded before Flop (didn't bet)
Seat 4: completelyn (button) collected ($0.14)
Seat 5: Woodie YUL (small blind) folded on the Flop
Seat 6: geniuss (big blind) folded on the Flop
Seat 7: megtorlo2244 folded before Flop (didn't bet)
Seat 8: Lagosha folded before Flop (didn't bet)



PokerStars Hand #237796785977:  Hold'em No Limit ($0.02/$0.05 USD) - 2022/08/04 20:41:37 PT [2022/08/04 23:41:37 ET]
Table 'Eltigen II' 9-max Seat #5 is the button
Seat 1: JuanDiego7 ($7.28 in chips) 
Seat 2: kdu paliva ($4.19 in chips) 
Seat 3: Dorex2007 ($5 in chips) 
Seat 4: completelyn ($7.90 in chips) 
Seat 5: Woodie YUL ($5.58 in chips) 
Seat 6: geniuss ($5 in chips) 
Seat 7: megtorlo2244 ($4.56 in chips) 
Seat 8: Lagosha ($6.47 in chips) 
geniuss: posts small blind $0.02
megtorlo2244: posts big blind $0.05
*** HOLE CARDS ***
Dealt to Dorex2007 [2h 4d]
Lagosha: folds 
JuanDiego7: folds 
kdu paliva: folds 
Dorex2007: folds 
completelyn: raises $0.05 to $0.10
Woodie YUL: folds 
geniuss: calls $0.08
yepciaran leaves the table
megtorlo2244: calls $0.05
*** FLOP *** [2s 2c Ks]
geniuss: checks 
megtorlo2244: checks 
completelyn: bets $0.20
geniuss: folds 
megtorlo2244: folds 
Uncalled bet ($0.20) returned to completelyn
completelyn collected $0.29 from pot
*** SUMMARY ***
Total pot $0.30 | Rake $0.01 
Board [2s 2c Ks]
Seat 1: JuanDiego7 folded before Flop (didn't bet)
Seat 2: kdu paliva folded before Flop (didn't bet)
Seat 3: Dorex2007 folded before Flop (didn't bet)
Seat 4: completelyn collected ($0.29)
Seat 5: Woodie YUL (button) folded before Flop (didn't bet)
Seat 6: geniuss (small blind) folded on the Flop
Seat 7: megtorlo2244 (big blind) folded on the Flop
Seat 8: Lagosha folded before Flop (didn't bet)



PokerStars Hand #237796793079:  Hold'em No Limit ($0.02/$0.05 USD) - 2022/08/04 20:42:26 PT [2022/08/04 23:42:26 ET]
Table 'Eltigen II' 9-max Seat #6 is the button
Seat 1: JuanDiego7 ($7.28 in chips) 
Seat 2: kdu paliva ($4.19 in chips) 
Seat 3: Dorex2007 ($5 in chips) 
Seat 4: completelyn ($8.09 in chips) 
Seat 5: Woodie YUL ($5.58 in chips) 
Seat 6: geniuss ($5 in chips) 
Seat 7: megtorlo2244 ($4.46 in chips) 
Seat 8: Lagosha ($6.47 in chips) 
megtorlo2244: posts small blind $0.02
Lagosha: posts big blind $0.05
*** HOLE CARDS ***
Dealt to Dorex2007 [Kh 4h]
JuanDiego7: folds 
kdu paliva: folds 
Dorex2007: folds 
completelyn: raises $0.05 to $0.10
Woodie YUL: calls $0.10
geniuss: folds 
megtorlo2244: folds 
Lagosha: folds 
*** FLOP *** [As 4c Tc]
completelyn: checks 
Woodie YUL: checks 
*** TURN *** [As 4c Tc] [8h]
completelyn: bets $0.10
Woodie YUL: calls $0.10
*** RIVER *** [As 4c Tc 8h] [5c]
completelyn: bets $0.15
Woodie YUL: folds 
Uncalled bet ($0.15) returned to completelyn
completelyn collected $0.45 from pot
*** SUMMARY ***
Total pot $0.47 | Rake $0.02 
Board [As 4c Tc 8h 5c]
Seat 1: JuanDiego7 folded before Flop (didn't bet)
Seat 2: kdu paliva folded before Flop (didn't bet)
Seat 3: Dorex2007 folded before Flop (didn't bet)
Seat 4: completelyn collected ($0.45)
Seat 5: Woodie YUL folded on the River
Seat 6: geniuss (button) folded before Flop (didn't bet)
Seat 7: megtorlo2244 (small blind) folded before Flop
Seat 8: Lagosha (big blind) folded before Flop



PokerStars Hand #237796804986:  Hold'em No Limit ($0.02/$0.05 USD) - 2022/08/04 20:43:49 PT [2022/08/04 23:43:49 ET]
Table 'Eltigen II' 9-max Seat #7 is the button
Seat 1: JuanDiego7 ($7.28 in chips) 
Seat 2: kdu paliva ($4.19 in chips) 
Seat 3: Dorex2007 ($5 in chips) 
Seat 4: completelyn ($8.34 in chips) 
Seat 5: Woodie YUL ($5.38 in chips) 
Seat 6: geniuss ($5 in chips) 
Seat 7: megtorlo2244 ($4.44 in chips) 
Seat 8: Lagosha ($6.42 in chips) 
Lagosha: posts small blind $0.02
JuanDiego7: posts big blind $0.05
*** HOLE CARDS ***
Dealt to Dorex2007 [8d Qc]
kdu paliva: folds 
Dorex2007: folds 
completelyn: raises $0.05 to $0.10
Woodie YUL: folds 
geniuss: folds 
megtorlo2244: folds 
Lagosha: folds 
JuanDiego7: folds 
Uncalled bet ($0.05) returned to completelyn
completelyn collected $0.12 from pot
*** SUMMARY ***
Total pot $0.12 | Rake $0 
Seat 1: JuanDiego7 (big blind) folded before Flop
Seat 2: kdu paliva folded before Flop (didn't bet)
Seat 3: Dorex2007 folded before Flop (didn't bet)
Seat 4: completelyn collected ($0.12)
Seat 5: Woodie YUL folded before Flop (didn't bet)
Seat 6: geniuss folded before Flop (didn't bet)
Seat 7: megtorlo2244 (button) folded before Flop (didn't bet)
Seat 8: Lagosha (small blind) folded before Flop



PokerStars Hand #237796808066:  Hold'em No Limit ($0.02/$0.05 USD) - 2022/08/04 20:44:11 PT [2022/08/04 23:44:11 ET]
Table 'Eltigen II' 9-max Seat #8 is the button
Seat 1: JuanDiego7 ($7.23 in chips) 
Seat 2: kdu paliva ($4.19 in chips) 
Seat 3: Dorex2007 ($5 in chips) 
Seat 4: completelyn ($8.41 in chips) 
Seat 5: Woodie YUL ($5.38 in chips) 
Seat 6: geniuss ($5 in chips) 
Seat 7: megtorlo2244 ($4.44 in chips) 
Seat 8: Lagosha ($6.40 in chips) 
JuanDiego7: posts small blind $0.02
kdu paliva: posts big blind $0.05
*** HOLE CARDS ***
Dealt to Dorex2007 [7s Kc]
Dorex2007: folds 
completelyn: raises $0.15 to $0.20
Woodie YUL: folds 
geniuss: folds 
megtorlo2244: folds 
Lagosha: calls $0.20
JuanDiego7: folds 
kdu paliva: folds 
*** FLOP *** [Td 5d 2s]
completelyn: checks 
Lagosha: bets $0.22
HAEMHuk2009 joins the table at seat #9 
completelyn: calls $0.22
*** TURN *** [Td 5d 2s] [6d]
completelyn: bets $0.25
Lagosha: calls $0.25
*** RIVER *** [Td 5d 2s 6d] [9c]
completelyn: bets $0.55
Lagosha: calls $0.55
*** SHOW DOWN ***
completelyn: shows [3h 4h] (a straight, Deuce to Six)
Lagosha: mucks hand 
completelyn collected $2.41 from pot
*** SUMMARY ***
Total pot $2.51 | Rake $0.10 
Board [Td 5d 2s 6d 9c]
Seat 1: JuanDiego7 (small blind) folded before Flop
Seat 2: kdu paliva (big blind) folded before Flop
Seat 3: Dorex2007 folded before Flop (didn't bet)
Seat 4: completelyn showed [3h 4h] and won ($2.41) with a straight, Deuce to Six
Seat 5: Woodie YUL folded before Flop (didn't bet)
Seat 6: geniuss folded before Flop (didn't bet)
Seat 7: megtorlo2244 folded before Flop (didn't bet)
Seat 8: Lagosha (button) mucked [9d 9h]



PokerStars Hand #237796820372:  Hold'em No Limit ($0.02/$0.05 USD) - 2022/08/04 20:45:38 PT [2022/08/04 23:45:38 ET]
Table 'Eltigen II' 9-max Seat #1 is the button
Seat 1: JuanDiego7 ($7.21 in chips) 
Seat 2: kdu paliva ($4.14 in chips) 
Seat 3: Dorex2007 ($5 in chips) 
Seat 4: completelyn ($9.60 in chips) 
Seat 5: Woodie YUL ($5.38 in chips) 
Seat 6: geniuss ($5 in chips) 
Seat 7: megtorlo2244 ($4.44 in chips) 
Seat 8: Lagosha ($5.18 in chips) 
kdu paliva: posts small blind $0.02
Dorex2007: posts big blind $0.05
HAEMHuk2009: sits out 
*** HOLE CARDS ***
Dealt to Dorex2007 [4s 8d]
completelyn: raises $0.05 to $0.10
Woodie YUL: folds 
geniuss: folds 
megtorlo2244: folds 
Lagosha: folds 
JuanDiego7: calls $0.10
kdu paliva: folds 
Dorex2007: folds 
*** FLOP *** [7d Td 6h]
completelyn: bets $0.15
JuanDiego7: folds 
Uncalled bet ($0.15) returned to completelyn
completelyn collected $0.26 from pot
*** SUMMARY ***
Total pot $0.27 | Rake $0.01 
Board [7d Td 6h]
Seat 1: JuanDiego7 (button) folded on the Flop
Seat 2: kdu paliva (small blind) folded before Flop
Seat 3: Dorex2007 (big blind) folded before Flop
Seat 4: completelyn collected ($0.26)
Seat 5: Woodie YUL folded before Flop (didn't bet)
Seat 6: geniuss folded before Flop (didn't bet)
Seat 7: megtorlo2244 folded before Flop (didn't bet)
Seat 8: Lagosha folded before Flop (didn't bet)



PokerStars Hand #237796827257:  Hold'em No Limit ($0.02/$0.05 USD) - 2022/08/04 20:46:26 PT [2022/08/04 23:46:26 ET]
Table 'Eltigen II' 9-max Seat #2 is the button
Seat 1: JuanDiego7 ($7.11 in chips) 
Seat 2: kdu paliva ($4.12 in chips) 
Seat 3: Dorex2007 ($5 in chips) 
Seat 4: completelyn ($9.76 in chips) 
Seat 5: Woodie YUL ($5.38 in chips) 
Seat 6: geniuss ($5 in chips) 
Seat 7: megtorlo2244 ($4.44 in chips) 
Seat 8: Lagosha ($5.18 in chips) 
Dorex2007: posts small blind $0.02
completelyn: posts big blind $0.05
HAEMHuk2009: sits out 
*** HOLE CARDS ***
Dealt to Dorex2007 [Td 4c]
Woodie YUL: folds 
geniuss: folds 
megtorlo2244: folds 
Lagosha: folds 
JuanDiego7: folds 
kdu paliva: raises $0.10 to $0.15
Dorex2007: folds 
completelyn: calls $0.10
*** FLOP *** [5s 8s 7h]
completelyn: bets $0.15
kdu paliva: calls $0.15
*** TURN *** [5s 8s 7h] [2d]
completelyn: bets $0.45
kdu paliva: calls $0.45
*** RIVER *** [5s 8s 7h 2d] [9c]
completelyn: checks 
kdu paliva: checks 
*** SHOW DOWN ***
completelyn: shows [9h Ah] (a pair of Nines)
kdu paliva: mucks hand 
completelyn collected $1.46 from pot
*** SUMMARY ***
Total pot $1.52 | Rake $0.06 
Board [5s 8s 7h 2d 9c]
Seat 1: JuanDiego7 folded before Flop (didn't bet)
Seat 2: kdu paliva (button) mucked [8c Th]
Seat 3: Dorex2007 (small blind) folded before Flop
Seat 4: completelyn (big blind) showed [9h Ah] and won ($1.46) with a pair of Nines
Seat 5: Woodie YUL folded before Flop (didn't bet)
Seat 6: geniuss folded before Flop (didn't bet)
Seat 7: megtorlo2244 folded before Flop (didn't bet)
Seat 8: Lagosha folded before Flop (didn't bet)



PokerStars Hand #237796837606:  Hold'em No Limit ($0.02/$0.05 USD) - 2022/08/04 20:47:39 PT [2022/08/04 23:47:39 ET]
Table 'Eltigen II' 9-max Seat #3 is the button
Seat 1: JuanDiego7 ($7.11 in chips) 
Seat 2: kdu paliva ($3.37 in chips) 
Seat 3: Dorex2007 ($5 in chips) 
Seat 4: completelyn ($10.47 in chips) 
Seat 5: Woodie YUL ($5.38 in chips) 
Seat 6: geniuss ($5 in chips) 
Seat 7: megtorlo2244 ($4.44 in chips) 
Seat 8: Lagosha ($5.18 in chips) 
completelyn: posts small blind $0.02
Woodie YUL: posts big blind $0.05
HAEMHuk2009: sits out 
*** HOLE CARDS ***
Dealt to Dorex2007 [2h Ad]
geniuss: folds 
megtorlo2244: folds 
Lagosha: folds 
JuanDiego7: folds 
kdu paliva: raises $0.10 to $0.15
Dorex2007: folds 
completelyn: calls $0.13
Woodie YUL: calls $0.10
*** FLOP *** [Qc 5c 3h]
completelyn: bets $0.15
Woodie YUL: calls $0.15
kdu paliva: calls $0.15
*** TURN *** [Qc 5c 3h] [Jd]
completelyn: checks 
Woodie YUL: checks 
kdu paliva: bets $0.95
completelyn: folds 
Woodie YUL: folds 
Uncalled bet ($0.95) returned to kdu paliva
kdu paliva collected $0.86 from pot
*** SUMMARY ***
Total pot $0.90 | Rake $0.04 
Board [Qc 5c 3h Jd]
Seat 1: JuanDiego7 folded before Flop (didn't bet)
Seat 2: kdu paliva collected ($0.86)
Seat 3: Dorex2007 (button) folded before Flop (didn't bet)
Seat 4: completelyn (small blind) folded on the Turn
Seat 5: Woodie YUL (big blind) folded on the Turn
Seat 6: geniuss folded before Flop (didn't bet)
Seat 7: megtorlo2244 folded before Flop (didn't bet)
Seat 8: Lagosha folded before Flop (didn't bet)



PokerStars Hand #237796857722:  Hold'em No Limit ($0.02/$0.05 USD) - 2022/08/04 20:48:56 PT [2022/08/04 23:48:56 ET]
Table 'Eltigen II' 9-max Seat #4 is the button
Seat 1: JuanDiego7 ($7.11 in chips) 
Seat 2: kdu paliva ($3.93 in chips) 
Seat 3: Dorex2007 ($5 in chips) 
Seat 4: completelyn ($10.17 in chips) 
Seat 5: Woodie YUL ($5.08 in chips) 
Seat 6: geniuss ($5 in chips) 
Seat 7: megtorlo2244 ($4.44 in chips) 
Seat 8: Lagosha ($5.18 in chips) 
Woodie YUL: posts small blind $0.02
geniuss: posts big blind $0.05
HAEMHuk2009: sits out 
*** HOLE CARDS ***
Dealt to Dorex2007 [8s 8h]
megtorlo2244: folds 
Lagosha: folds 
JuanDiego7: folds 
kdu paliva: folds 
Dorex2007: calls $0.05
completelyn: raises $0.10 to $0.15
Woodie YUL: folds 
geniuss: raises $0.30 to $0.45
Dorex2007: folds 
completelyn: calls $0.30
*** FLOP *** [Tc 6c Jd]
geniuss: checks 
completelyn: checks 
*** TURN *** [Tc 6c Jd] [6h]
geniuss: bets $0.70
completelyn: calls $0.70
*** RIVER *** [Tc 6c Jd 6h] [Ts]
geniuss: bets $2
completelyn: folds 
Uncalled bet ($2) returned to geniuss
geniuss collected $2.27 from pot
*** SUMMARY ***
Total pot $2.37 | Rake $0.10 
Board [Tc 6c Jd 6h Ts]
Seat 1: JuanDiego7 folded before Flop (didn't bet)
Seat 2: kdu paliva folded before Flop (didn't bet)
Seat 3: Dorex2007 folded before Flop
Seat 4: completelyn (button) folded on the River
Seat 5: Woodie YUL (small blind) folded before Flop
Seat 6: geniuss (big blind) collected ($2.27)
Seat 7: megtorlo2244 folded before Flop (didn't bet)
Seat 8: Lagosha folded before Flop (didn't bet)



PokerStars Hand #237796869085:  Hold'em No Limit ($0.02/$0.05 USD) - 2022/08/04 20:50:16 PT [2022/08/04 23:50:16 ET]
Table 'Eltigen II' 9-max Seat #5 is the button
Seat 1: JuanDiego7 ($7.11 in chips) 
Seat 2: kdu paliva ($3.93 in chips) 
Seat 3: Dorex2007 ($5 in chips) 
Seat 4: completelyn ($9.02 in chips) 
Seat 5: Woodie YUL ($5.06 in chips) 
Seat 6: geniuss ($6.12 in chips) 
Seat 7: megtorlo2244 ($4.44 in chips) 
Seat 8: Lagosha ($5.18 in chips) 
geniuss: posts small blind $0.02
megtorlo2244: posts big blind $0.05
HAEMHuk2009: sits out 
*** HOLE CARDS ***
Dealt to Dorex2007 [6d 8c]
Lagosha: folds 
JuanDiego7: folds 
kdu paliva: folds 
Dorex2007: folds 
completelyn: raises $0.05 to $0.10
Woodie YUL: folds 
geniuss: calls $0.08
megtorlo2244: folds 
*** FLOP *** [9s 3h 2d]
geniuss: checks 
completelyn: bets $0.15
geniuss: folds 
Uncalled bet ($0.15) returned to completelyn
completelyn collected $0.24 from pot
*** SUMMARY ***
Total pot $0.25 | Rake $0.01 
Board [9s 3h 2d]
Seat 1: JuanDiego7 folded before Flop (didn't bet)
Seat 2: kdu paliva folded before Flop (didn't bet)
Seat 3: Dorex2007 folded before Flop (didn't bet)
Seat 4: completelyn collected ($0.24)
Seat 5: Woodie YUL (button) folded before Flop (didn't bet)
Seat 6: geniuss (small blind) folded on the Flop
Seat 7: megtorlo2244 (big blind) folded before Flop
Seat 8: Lagosha folded before Flop (didn't bet)



PokerStars Hand #237796874514:  Hold'em No Limit ($0.02/$0.05 USD) - 2022/08/04 20:50:55 PT [2022/08/04 23:50:55 ET]
Table 'Eltigen II' 9-max Seat #6 is the button
Seat 1: JuanDiego7 ($7.11 in chips) 
Seat 2: kdu paliva ($3.93 in chips) 
Seat 3: Dorex2007 ($5 in chips) 
Seat 4: completelyn ($9.16 in chips) 
Seat 5: Woodie YUL ($5.06 in chips) 
Seat 6: geniuss ($6.02 in chips) 
Seat 7: megtorlo2244 ($4.39 in chips) 
Seat 8: Lagosha ($5.18 in chips) 
megtorlo2244: posts small blind $0.02
Lagosha: posts big blind $0.05
HAEMHuk2009: sits out 
*** HOLE CARDS ***
Dealt to Dorex2007 [4d 3s]
JuanDiego7: folds 
kdu paliva: folds 
Dorex2007: folds 
completelyn: raises $0.05 to $0.10
Woodie YUL: folds 
geniuss: folds 
megtorlo2244: folds 
Lagosha: calls $0.05
*** FLOP *** [7s 7d Qd]
Lagosha: checks 
completelyn: bets $0.05
Lagosha: calls $0.05
*** TURN *** [7s 7d Qd] [3h]
Lagosha: checks 
completelyn: bets $0.20
Lagosha: calls $0.20
*** RIVER *** [7s 7d Qd 3h] [Jc]
Lagosha: checks 
completelyn: bets $0.35
Lagosha: raises $0.35 to $0.70
completelyn: folds 
Uncalled bet ($0.35) returned to Lagosha
Lagosha collected $1.36 from pot
Lagosha: doesn't show hand 
*** SUMMARY ***
Total pot $1.42 | Rake $0.06 
Board [7s 7d Qd 3h Jc]
Seat 1: JuanDiego7 folded before Flop (didn't bet)
Seat 2: kdu paliva folded before Flop (didn't bet)
Seat 3: Dorex2007 folded before Flop (didn't bet)
Seat 4: completelyn folded on the River
Seat 5: Woodie YUL folded before Flop (didn't bet)
Seat 6: geniuss (button) folded before Flop (didn't bet)
Seat 7: megtorlo2244 (small blind) folded before Flop
Seat 8: Lagosha (big blind) collected ($1.36)



PokerStars Hand #237796882220:  Hold'em No Limit ($0.02/$0.05 USD) - 2022/08/04 20:51:49 PT [2022/08/04 23:51:49 ET]
Table 'Eltigen II' 9-max Seat #7 is the button
Seat 1: JuanDiego7 ($7.11 in chips) 
Seat 2: kdu paliva ($3.93 in chips) 
Seat 3: Dorex2007 ($5 in chips) 
Seat 4: completelyn ($8.46 in chips) 
Seat 5: Woodie YUL ($5.06 in chips) 
Seat 6: geniuss ($6.02 in chips) 
Seat 7: megtorlo2244 ($4.37 in chips) 
Seat 8: Lagosha ($5.84 in chips) 
Seat 9: HAEMHuk2009 ($5 in chips) 
Lagosha: posts small blind $0.02
HAEMHuk2009: posts big blind $0.05
*** HOLE CARDS ***
Dealt to Dorex2007 [Th 6h]
JuanDiego7: folds 
kdu paliva: folds 
Dorex2007: folds 
completelyn: raises $0.05 to $0.10
Woodie YUL: folds 
geniuss: calls $0.10
megtorlo2244: calls $0.10
Lagosha: folds 
kdu paliva leaves the table
HAEMHuk2009: raises $0.65 to $0.75
completelyn: folds 
geniuss: folds 
megtorlo2244: folds 
Uncalled bet ($0.65) returned to HAEMHuk2009
HAEMHuk2009 collected $0.42 from pot
HAEMHuk2009: doesn't show hand 
completelyn leaves the table
*** SUMMARY ***
Total pot $0.42 | Rake $0 
Seat 1: JuanDiego7 folded before Flop (didn't bet)
Seat 2: kdu paliva folded before Flop (didn't bet)
Seat 3: Dorex2007 folded before Flop (didn't bet)
Seat 4: completelyn folded before Flop
Seat 5: Woodie YUL folded before Flop (didn't bet)
Seat 6: geniuss folded before Flop
Seat 7: megtorlo2244 (button) folded before Flop
Seat 8: Lagosha (small blind) folded before Flop
Seat 9: HAEMHuk2009 (big blind) collected ($0.42)



PokerStars Hand #237796904179:  Hold'em No Limit ($0.02/$0.05 USD) - 2022/08/04 20:52:36 PT [2022/08/04 23:52:36 ET]
Table 'Eltigen II' 9-max Seat #8 is the button
Seat 1: JuanDiego7 ($7.11 in chips) 
Seat 3: Dorex2007 ($5 in chips) 
Seat 5: Woodie YUL ($5.06 in chips) 
Seat 6: geniuss ($5.92 in chips) 
Seat 7: megtorlo2244 ($4.27 in chips) 
Seat 8: Lagosha ($5.82 in chips) 
Seat 9: HAEMHuk2009 ($5.32 in chips) 
HAEMHuk2009: posts small blind $0.02
JuanDiego7: posts big blind $0.05
*** HOLE CARDS ***
Dealt to Dorex2007 [Qs 8c]
Dorex2007: folds 
Woodie YUL: folds 
geniuss: calls $0.05
megtorlo2244: folds 
megtorlo2244 leaves the table
Lagosha: folds 
HAEMHuk2009: raises $0.20 to $0.25
JuanDiego7: folds 
geniuss: calls $0.20
*** FLOP *** [9h Ts Ah]
JuanDiego7 leaves the table
HAEMHuk2009: bets $0.18
geniuss: calls $0.18
*** TURN *** [9h Ts Ah] [Kc]
HAEMHuk2009: checks 
geniuss: bets $0.75
HAEMHuk2009: calls $0.75
*** RIVER *** [9h Ts Ah Kc] [4h]
HAEMHuk2009: checks 
geniuss: checks 
*** SHOW DOWN ***
HAEMHuk2009: shows [Kh 8s] (a pair of Kings)
geniuss: shows [Tc Th] (three of a kind, Tens)
geniuss collected $2.31 from pot
*** SUMMARY ***
Total pot $2.41 | Rake $0.10 
Board [9h Ts Ah Kc 4h]
Seat 1: JuanDiego7 (big blind) folded before Flop
Seat 3: Dorex2007 folded before Flop (didn't bet)
Seat 5: Woodie YUL folded before Flop (didn't bet)
Seat 6: geniuss showed [Tc Th] and won ($2.31) with three of a kind, Tens
Seat 7: megtorlo2244 folded before Flop (didn't bet)
Seat 8: Lagosha (button) folded before Flop (didn't bet)
Seat 9: HAEMHuk2009 (small blind) showed [Kh 8s] and lost with a pair of Kings



PokerStars Hand #237796916997:  Hold'em No Limit ($0.02/$0.05 USD) - 2022/08/04 20:54:07 PT [2022/08/04 23:54:07 ET]
Table 'Eltigen II' 9-max Seat #9 is the button
Seat 3: Dorex2007 ($5 in chips) 
Seat 5: Woodie YUL ($5.06 in chips) 
Seat 6: geniuss ($7.05 in chips) 
Seat 8: Lagosha ($5.82 in chips) 
Seat 9: HAEMHuk2009 ($5 in chips) 
Dorex2007: posts small blind $0.02
Woodie YUL: posts big blind $0.05
*** HOLE CARDS ***
Dealt to Dorex2007 [2d 8c]
geniuss: folds 
Lagosha: folds 
HAEMHuk2009: folds 
Dorex2007: folds 
Uncalled bet ($0.03) returned to Woodie YUL
Woodie YUL collected $0.04 from pot
*** SUMMARY ***
Total pot $0.04 | Rake $0 
Seat 3: Dorex2007 (small blind) folded before Flop
Seat 5: Woodie YUL (big blind) collected ($0.04)
Seat 6: geniuss folded before Flop (didn't bet)
Seat 8: Lagosha folded before Flop (didn't bet)
Seat 9: HAEMHuk2009 (button) folded before Flop (didn't bet)



PokerStars Hand #237796919353:  Hold'em No Limit ($0.02/$0.05 USD) - 2022/08/04 20:54:24 PT [2022/08/04 23:54:24 ET]
Table 'Eltigen II' 9-max Seat #3 is the button
Seat 3: Dorex2007 ($5 in chips) 
Seat 5: Woodie YUL ($5.08 in chips) 
Seat 6: geniuss ($7.05 in chips) 
Seat 8: Lagosha ($5.82 in chips) 
Seat 9: HAEMHuk2009 ($5 in chips) 
Woodie YUL: posts small blind $0.02
geniuss: posts big blind $0.05
*** HOLE CARDS ***
Dealt to Dorex2007 [Ah 8d]
Lagosha: folds 
HAEMHuk2009: raises $0.08 to $0.13
Dorex2007: folds 
Woodie YUL: folds 
geniuss: folds 
Uncalled bet ($0.08) returned to HAEMHuk2009
HAEMHuk2009 collected $0.12 from pot
HAEMHuk2009: doesn't show hand 
*** SUMMARY ***
Total pot $0.12 | Rake $0 
Seat 3: Dorex2007 (button) folded before Flop (didn't bet)
Seat 5: Woodie YUL (small blind) folded before Flop
Seat 6: geniuss (big blind) folded before Flop
Seat 8: Lagosha folded before Flop (didn't bet)
Seat 9: HAEMHuk2009 collected ($0.12)



