PokerStars Hand #237649419444:  Hold'em No Limit ($0.02/$0.05 USD) - 2022/07/28 16:01:19 PT [2022/07/28 19:01:19 ET]
Table 'Carpenter' 9-max Seat #9 is the button
Seat 1: ripelnet ($5 in chips) 
Seat 2: masonada213 ($7.38 in chips) 
Seat 3: BSNegão ($4.10 in chips) 
Seat 4: herkks ($6.30 in chips) 
Seat 5: POTENTIAL_24 ($8.86 in chips) 
Seat 6: Dorex2007 ($5 in chips) 
Seat 7: daro506 ($5.40 in chips) 
Seat 9: buburik ($5.44 in chips) 
ripelnet: posts small blind $0.02
masonada213: posts big blind $0.05
Dorex2007: posts big blind $0.05
*** HOLE CARDS ***
Dealt to Dorex2007 [3c Qc]
BSNegão: calls $0.05
herkks: folds 
POTENTIAL_24: calls $0.05
Dorex2007: checks 
daro506: folds 
buburik: folds 
ripelnet: folds 
masonada213: checks 
*** FLOP *** [Ah Th 3d]
masonada213: checks 
BSNegão: checks 
POTENTIAL_24: bets $0.10
Dorex2007: folds 
masonada213: folds 
BSNegão: folds 
Uncalled bet ($0.10) returned to POTENTIAL_24
POTENTIAL_24 collected $0.21 from pot
*** SUMMARY ***
Total pot $0.22 | Rake $0.01 
Board [Ah Th 3d]
Seat 1: ripelnet (small blind) folded before Flop
Seat 2: masonada213 (big blind) folded on the Flop
Seat 3: BSNegão folded on the Flop
Seat 4: herkks folded before Flop (didn't bet)
Seat 5: POTENTIAL_24 collected ($0.21)
Seat 6: Dorex2007 folded on the Flop (didn't bet)
Seat 7: daro506 folded before Flop (didn't bet)
Seat 9: buburik (button) folded before Flop (didn't bet)



PokerStars Hand #237649437794:  Hold'em No Limit ($0.02/$0.05 USD) - 2022/07/28 16:02:22 PT [2022/07/28 19:02:22 ET]
Table 'Carpenter' 9-max Seat #1 is the button
Seat 1: ripelnet ($5 in chips) 
Seat 2: masonada213 ($7.33 in chips) 
Seat 3: BSNegão ($4.05 in chips) 
Seat 4: herkks ($6.30 in chips) 
Seat 5: POTENTIAL_24 ($9.02 in chips) 
Seat 6: Dorex2007 ($5 in chips) 
Seat 7: daro506 ($5.40 in chips) 
Seat 9: buburik ($5.44 in chips) 
masonada213: posts small blind $0.02
BSNegão: posts big blind $0.05
*** HOLE CARDS ***
Dealt to Dorex2007 [Qd Kh]
herkks: folds 
POTENTIAL_24: folds 
Dorex2007: raises $0.15 to $0.20
daro506: folds 
buburik: folds 
ripelnet: folds 
masonada213: folds 
BSNegão: folds 
Uncalled bet ($0.15) returned to Dorex2007
Dorex2007 collected $0.12 from pot
Dorex2007: doesn't show hand 
*** SUMMARY ***
Total pot $0.12 | Rake $0 
Seat 1: ripelnet (button) folded before Flop (didn't bet)
Seat 2: masonada213 (small blind) folded before Flop
Seat 3: BSNegão (big blind) folded before Flop
Seat 4: herkks folded before Flop (didn't bet)
Seat 5: POTENTIAL_24 folded before Flop (didn't bet)
Seat 6: Dorex2007 collected ($0.12)
Seat 7: daro506 folded before Flop (didn't bet)
Seat 9: buburik folded before Flop (didn't bet)



PokerStars Hand #237649443448:  Hold'em No Limit ($0.02/$0.05 USD) - 2022/07/28 16:02:41 PT [2022/07/28 19:02:41 ET]
Table 'Carpenter' 9-max Seat #2 is the button
Seat 1: ripelnet ($5 in chips) 
Seat 2: masonada213 ($7.31 in chips) 
Seat 3: BSNegão ($4 in chips) 
Seat 4: herkks ($6.30 in chips) 
Seat 5: POTENTIAL_24 ($9.02 in chips) 
Seat 6: Dorex2007 ($5.07 in chips) 
Seat 7: daro506 ($5.40 in chips) 
Seat 9: buburik ($5.44 in chips) 
BSNegão: posts small blind $0.02
herkks: posts big blind $0.05
*** HOLE CARDS ***
Dealt to Dorex2007 [6d 7c]
POTENTIAL_24: folds 
Dorex2007: folds 
daro506: folds 
buburik: folds 
ripelnet: folds 
masonada213: folds 
BSNegão: folds 
Uncalled bet ($0.03) returned to herkks
BSNegão leaves the table
herkks collected $0.04 from pot
herkks: doesn't show hand 
*** SUMMARY ***
Total pot $0.04 | Rake $0 
Seat 1: ripelnet folded before Flop (didn't bet)
Seat 2: masonada213 (button) folded before Flop (didn't bet)
Seat 3: BSNegão (small blind) folded before Flop
Seat 4: herkks (big blind) collected ($0.04)
Seat 5: POTENTIAL_24 folded before Flop (didn't bet)
Seat 6: Dorex2007 folded before Flop (didn't bet)
Seat 7: daro506 folded before Flop (didn't bet)
Seat 9: buburik folded before Flop (didn't bet)



PokerStars Hand #237649448809:  Hold'em No Limit ($0.02/$0.05 USD) - 2022/07/28 16:02:59 PT [2022/07/28 19:02:59 ET]
Table 'Carpenter' 9-max Seat #4 is the button
Seat 1: ripelnet ($5 in chips) 
Seat 2: masonada213 ($7.31 in chips) 
Seat 4: herkks ($6.32 in chips) 
Seat 5: POTENTIAL_24 ($9.02 in chips) 
Seat 6: Dorex2007 ($5.07 in chips) 
Seat 7: daro506 ($5.40 in chips) 
Seat 9: buburik ($5.44 in chips) 
POTENTIAL_24: posts small blind $0.02
Dorex2007: posts big blind $0.05
*** HOLE CARDS ***
Dealt to Dorex2007 [Ac Ad]
daro506: folds 
buburik: folds 
ripelnet: folds 
masonada213: folds 
herkks: folds 
malliosK joins the table at seat #3 
POTENTIAL_24: folds 
Uncalled bet ($0.03) returned to Dorex2007
Dorex2007 collected $0.04 from pot
Dorex2007: doesn't show hand 
*** SUMMARY ***
Total pot $0.04 | Rake $0 
Seat 1: ripelnet folded before Flop (didn't bet)
Seat 2: masonada213 folded before Flop (didn't bet)
Seat 4: herkks (button) folded before Flop (didn't bet)
Seat 5: POTENTIAL_24 (small blind) folded before Flop
Seat 6: Dorex2007 (big blind) collected ($0.04)
Seat 7: daro506 folded before Flop (didn't bet)
Seat 9: buburik folded before Flop (didn't bet)



PokerStars Hand #237649456946:  Hold'em No Limit ($0.02/$0.05 USD) - 2022/07/28 16:03:27 PT [2022/07/28 19:03:27 ET]
Table 'Carpenter' 9-max Seat #5 is the button
Seat 1: ripelnet ($5 in chips) 
Seat 2: masonada213 ($7.31 in chips) 
Seat 4: herkks ($6.32 in chips) 
Seat 5: POTENTIAL_24 ($9 in chips) 
Seat 6: Dorex2007 ($5.09 in chips) 
Seat 7: daro506 ($5.40 in chips) 
Seat 9: buburik ($5.44 in chips) 
Dorex2007: posts small blind $0.02
daro506: posts big blind $0.05
malliosK: sits out 
*** HOLE CARDS ***
Dealt to Dorex2007 [5c Ks]
buburik: raises $0.10 to $0.15
ripelnet: folds 
masonada213: folds 
herkks: folds 
POTENTIAL_24: folds 
Dorex2007: folds 
daro506: folds 
Uncalled bet ($0.10) returned to buburik
buburik collected $0.12 from pot
buburik: doesn't show hand 
*** SUMMARY ***
Total pot $0.12 | Rake $0 
Seat 1: ripelnet folded before Flop (didn't bet)
Seat 2: masonada213 folded before Flop (didn't bet)
Seat 4: herkks folded before Flop (didn't bet)
Seat 5: POTENTIAL_24 (button) folded before Flop (didn't bet)
Seat 6: Dorex2007 (small blind) folded before Flop
Seat 7: daro506 (big blind) folded before Flop
Seat 9: buburik collected ($0.12)



PokerStars Hand #237649467046:  Hold'em No Limit ($0.02/$0.05 USD) - 2022/07/28 16:04:01 PT [2022/07/28 19:04:01 ET]
Table 'Carpenter' 9-max Seat #6 is the button
Seat 1: ripelnet ($5 in chips) 
Seat 2: masonada213 ($7.31 in chips) 
Seat 4: herkks ($6.32 in chips) 
Seat 5: POTENTIAL_24 ($9 in chips) 
Seat 6: Dorex2007 ($5.07 in chips) 
Seat 7: daro506 ($5.35 in chips) 
Seat 9: buburik ($5.51 in chips) 
daro506: posts small blind $0.02
buburik: posts big blind $0.05
malliosK: sits out 
*** HOLE CARDS ***
Dealt to Dorex2007 [Th Qc]
ripelnet: folds 
masonada213: folds 
herkks: raises $0.09 to $0.14
POTENTIAL_24: folds 
ripelnet leaves the table
Dorex2007: folds 
daro506: folds 
buburik: folds 
Uncalled bet ($0.09) returned to herkks
herkks collected $0.12 from pot
herkks: doesn't show hand 
*** SUMMARY ***
Total pot $0.12 | Rake $0 
Seat 1: ripelnet folded before Flop (didn't bet)
Seat 2: masonada213 folded before Flop (didn't bet)
Seat 4: herkks collected ($0.12)
Seat 5: POTENTIAL_24 folded before Flop (didn't bet)
Seat 6: Dorex2007 (button) folded before Flop (didn't bet)
Seat 7: daro506 (small blind) folded before Flop
Seat 9: buburik (big blind) folded before Flop



PokerStars Hand #237649477336:  Hold'em No Limit ($0.02/$0.05 USD) - 2022/07/28 16:04:35 PT [2022/07/28 19:04:35 ET]
Table 'Carpenter' 9-max Seat #7 is the button
Seat 2: masonada213 ($7.31 in chips) 
Seat 4: herkks ($6.39 in chips) 
Seat 5: POTENTIAL_24 ($9 in chips) 
Seat 6: Dorex2007 ($5.07 in chips) 
Seat 7: daro506 ($5.33 in chips) 
Seat 9: buburik ($5.46 in chips) 
buburik: posts small blind $0.02
masonada213: posts big blind $0.05
malliosK: sits out 
*** HOLE CARDS ***
Dealt to Dorex2007 [2h 3c]
herkks: folds 
POTENTIAL_24: folds 
Dorex2007: folds 
daro506: folds 
buburik: raises $0.10 to $0.15
masonada213: folds 
Uncalled bet ($0.10) returned to buburik
buburik collected $0.10 from pot
buburik: doesn't show hand 
*** SUMMARY ***
Total pot $0.10 | Rake $0 
Seat 2: masonada213 (big blind) folded before Flop
Seat 4: herkks folded before Flop (didn't bet)
Seat 5: POTENTIAL_24 folded before Flop (didn't bet)
Seat 6: Dorex2007 folded before Flop (didn't bet)
Seat 7: daro506 (button) folded before Flop (didn't bet)
Seat 9: buburik (small blind) collected ($0.10)



PokerStars Hand #237649491354:  Hold'em No Limit ($0.02/$0.05 USD) - 2022/07/28 16:05:23 PT [2022/07/28 19:05:23 ET]
Table 'Carpenter' 9-max Seat #9 is the button
Seat 2: masonada213 ($7.26 in chips) 
Seat 3: malliosK ($5 in chips) 
Seat 4: herkks ($6.39 in chips) 
Seat 5: POTENTIAL_24 ($9 in chips) 
Seat 6: Dorex2007 ($5.07 in chips) 
Seat 7: daro506 ($5.33 in chips) 
Seat 9: buburik ($5.51 in chips) 
masonada213: posts small blind $0.02
malliosK: posts big blind $0.05
VilpPS: sits out 
*** HOLE CARDS ***
Dealt to Dorex2007 [Td 7h]
herkks: folds 
POTENTIAL_24: folds 
Dorex2007: folds 
daro506: folds 
buburik: folds 
masonada213: raises $0.15 to $0.20
malliosK: folds 
Uncalled bet ($0.15) returned to masonada213
masonada213 collected $0.10 from pot
masonada213: doesn't show hand 
*** SUMMARY ***
Total pot $0.10 | Rake $0 
Seat 2: masonada213 (small blind) collected ($0.10)
Seat 3: malliosK (big blind) folded before Flop
Seat 4: herkks folded before Flop (didn't bet)
Seat 5: POTENTIAL_24 folded before Flop (didn't bet)
Seat 6: Dorex2007 folded before Flop (didn't bet)
Seat 7: daro506 folded before Flop (didn't bet)
Seat 9: buburik (button) folded before Flop (didn't bet)



PokerStars Hand #237649500435:  Hold'em No Limit ($0.02/$0.05 USD) - 2022/07/28 16:05:55 PT [2022/07/28 19:05:55 ET]
Table 'Carpenter' 9-max Seat #2 is the button
Seat 2: masonada213 ($7.31 in chips) 
Seat 3: malliosK ($4.95 in chips) 
Seat 4: herkks ($6.39 in chips) 
Seat 5: POTENTIAL_24 ($9 in chips) 
Seat 6: Dorex2007 ($5.07 in chips) 
Seat 7: daro506 ($5.33 in chips) 
Seat 9: buburik ($5.51 in chips) 
malliosK: posts small blind $0.02
herkks: posts big blind $0.05
VilpPS: sits out 
*** HOLE CARDS ***
Dealt to Dorex2007 [8h Jc]
POTENTIAL_24: folds 
Dorex2007: folds 
daro506: folds 
buburik: folds 
masonada213: raises $0.10 to $0.15
malliosK: folds 
herkks: folds 
Uncalled bet ($0.10) returned to masonada213
masonada213 collected $0.12 from pot
masonada213: doesn't show hand 
*** SUMMARY ***
Total pot $0.12 | Rake $0 
Seat 2: masonada213 (button) collected ($0.12)
Seat 3: malliosK (small blind) folded before Flop
Seat 4: herkks (big blind) folded before Flop
Seat 5: POTENTIAL_24 folded before Flop (didn't bet)
Seat 6: Dorex2007 folded before Flop (didn't bet)
Seat 7: daro506 folded before Flop (didn't bet)
Seat 9: buburik folded before Flop (didn't bet)



PokerStars Hand #237649515181:  Hold'em No Limit ($0.02/$0.05 USD) - 2022/07/28 16:06:26 PT [2022/07/28 19:06:26 ET]
Table 'Carpenter' 9-max Seat #3 is the button
Seat 2: masonada213 ($7.38 in chips) 
Seat 3: malliosK ($4.93 in chips) 
Seat 4: herkks ($6.34 in chips) 
Seat 5: POTENTIAL_24 ($9 in chips) 
Seat 6: Dorex2007 ($5.07 in chips) 
Seat 7: daro506 ($5.33 in chips) 
Seat 9: buburik ($5.51 in chips) 
herkks: posts small blind $0.02
POTENTIAL_24: posts big blind $0.05
VilpPS: sits out 
*** HOLE CARDS ***
Dealt to Dorex2007 [7c Kd]
Dorex2007: folds 
Manuelito180 joins the table at seat #1 
daro506: folds 
buburik: folds 
masonada213: raises $0.07 to $0.12
malliosK: folds 
herkks: calls $0.10
POTENTIAL_24: calls $0.07
*** FLOP *** [Kh 5c 8s]
herkks: checks 
POTENTIAL_24: checks 
masonada213: bets $0.23
herkks: raises $0.40 to $0.63
POTENTIAL_24: folds 
masonada213: folds 
Uncalled bet ($0.40) returned to herkks
herkks collected $0.79 from pot
herkks: doesn't show hand 
*** SUMMARY ***
Total pot $0.82 | Rake $0.03 
Board [Kh 5c 8s]
Seat 2: masonada213 folded on the Flop
Seat 3: malliosK (button) folded before Flop (didn't bet)
Seat 4: herkks (small blind) collected ($0.79)
Seat 5: POTENTIAL_24 (big blind) folded on the Flop
Seat 6: Dorex2007 folded before Flop (didn't bet)
Seat 7: daro506 folded before Flop (didn't bet)
Seat 9: buburik folded before Flop (didn't bet)



PokerStars Hand #237649539507:  Hold'em No Limit ($0.02/$0.05 USD) - 2022/07/28 16:07:49 PT [2022/07/28 19:07:49 ET]
Table 'Carpenter' 9-max Seat #4 is the button
Seat 2: masonada213 ($7.03 in chips) 
Seat 3: malliosK ($4.93 in chips) 
Seat 4: herkks ($6.78 in chips) 
Seat 5: POTENTIAL_24 ($8.88 in chips) 
Seat 6: Dorex2007 ($5.07 in chips) 
Seat 7: daro506 ($5.33 in chips) 
Seat 9: buburik ($5.51 in chips) 
POTENTIAL_24: posts small blind $0.02
Dorex2007: posts big blind $0.05
VilpPS: sits out 
Manuelito180: sits out 
*** HOLE CARDS ***
Dealt to Dorex2007 [7d Jd]
daro506: raises $0.10 to $0.15
buburik: folds 
masonada213: folds 
malliosK: folds 
herkks: folds 
POTENTIAL_24: folds 
Dorex2007: folds 
Uncalled bet ($0.10) returned to daro506
daro506 collected $0.12 from pot
*** SUMMARY ***
Total pot $0.12 | Rake $0 
Seat 2: masonada213 folded before Flop (didn't bet)
Seat 3: malliosK folded before Flop (didn't bet)
Seat 4: herkks (button) folded before Flop (didn't bet)
Seat 5: POTENTIAL_24 (small blind) folded before Flop
Seat 6: Dorex2007 (big blind) folded before Flop
Seat 7: daro506 collected ($0.12)
Seat 9: buburik folded before Flop (didn't bet)



PokerStars Hand #237649546136:  Hold'em No Limit ($0.02/$0.05 USD) - 2022/07/28 16:08:11 PT [2022/07/28 19:08:11 ET]
Table 'Carpenter' 9-max Seat #5 is the button
Seat 2: masonada213 ($7.03 in chips) 
Seat 3: malliosK ($4.93 in chips) 
Seat 4: herkks ($6.78 in chips) 
Seat 5: POTENTIAL_24 ($8.86 in chips) 
Seat 6: Dorex2007 ($5.02 in chips) 
Seat 8: VilpPS ($14.97 in chips) 
Seat 9: buburik ($5.51 in chips) 
Dorex2007: posts small blind $0.02
daro506: is sitting out 
VilpPS: posts big blind $0.05
Manuelito180: sits out 
*** HOLE CARDS ***
Dealt to Dorex2007 [8s 9c]
buburik: folds 
masonada213: folds 
malliosK: raises $0.06 to $0.11
herkks: folds 
POTENTIAL_24: folds 
Dorex2007: folds 
VilpPS: folds 
Uncalled bet ($0.06) returned to malliosK
daro506 leaves the table
malliosK collected $0.12 from pot
malliosK: doesn't show hand 
*** SUMMARY ***
Total pot $0.12 | Rake $0 
Seat 2: masonada213 folded before Flop (didn't bet)
Seat 3: malliosK collected ($0.12)
Seat 4: herkks folded before Flop (didn't bet)
Seat 5: POTENTIAL_24 (button) folded before Flop (didn't bet)
Seat 6: Dorex2007 (small blind) folded before Flop
Seat 8: VilpPS (big blind) folded before Flop
Seat 9: buburik folded before Flop (didn't bet)



PokerStars Hand #237649550463:  Hold'em No Limit ($0.02/$0.05 USD) - 2022/07/28 16:08:27 PT [2022/07/28 19:08:27 ET]
Table 'Carpenter' 9-max Seat #6 is the button
Seat 1: Manuelito180 ($5 in chips) 
Seat 2: masonada213 ($7.03 in chips) 
Seat 3: malliosK ($5 in chips) 
Seat 4: herkks ($6.78 in chips) 
Seat 5: POTENTIAL_24 ($8.86 in chips) 
Seat 6: Dorex2007 ($5 in chips) 
Seat 8: VilpPS ($14.92 in chips) 
VilpPS: posts small blind $0.02
buburik: is sitting out 
Manuelito180: posts big blind $0.05
*** HOLE CARDS ***
Dealt to Dorex2007 [Kc 8s]
buburik leaves the table
masonada213: folds 
malliosK: folds 
herkks: folds 
POTENTIAL_24: folds 
Dorex2007: raises $0.10 to $0.15
VilpPS: folds 
Manuelito180: folds 
Uncalled bet ($0.10) returned to Dorex2007
Dorex2007 collected $0.12 from pot
Dorex2007: doesn't show hand 
*** SUMMARY ***
Total pot $0.12 | Rake $0 
Seat 1: Manuelito180 (big blind) folded before Flop
Seat 2: masonada213 folded before Flop (didn't bet)
Seat 3: malliosK folded before Flop (didn't bet)
Seat 4: herkks folded before Flop (didn't bet)
Seat 5: POTENTIAL_24 folded before Flop (didn't bet)
Seat 6: Dorex2007 (button) collected ($0.12)
Seat 8: VilpPS (small blind) folded before Flop



PokerStars Hand #237649556735:  Hold'em No Limit ($0.02/$0.05 USD) - 2022/07/28 16:08:48 PT [2022/07/28 19:08:48 ET]
Table 'Carpenter' 9-max Seat #8 is the button
Seat 1: Manuelito180 ($4.95 in chips) 
Seat 2: masonada213 ($7.03 in chips) 
Seat 3: malliosK ($5 in chips) 
Seat 4: herkks ($6.78 in chips) 
Seat 5: POTENTIAL_24 ($8.86 in chips) 
Seat 6: Dorex2007 ($5.07 in chips) 
Seat 8: VilpPS ($14.90 in chips) 
Manuelito180: posts small blind $0.02
masonada213: posts big blind $0.05
*** HOLE CARDS ***
Dealt to Dorex2007 [8d 9c]
malliosK has timed out
malliosK: folds 
herkks: folds 
POTENTIAL_24: folds 
Dorex2007: folds 
VilpPS: raises $0.08 to $0.13
Manuelito180: calls $0.11
MAF8 joins the table at seat #7 
masonada213: folds 
*** FLOP *** [Th Ah 3d]
Thierry1601 joins the table at seat #9 
Manuelito180: checks 
VilpPS: bets $0.14
Manuelito180: calls $0.14
*** TURN *** [Th Ah 3d] [4d]
Manuelito180: checks 
VilpPS: bets $14.63 and is all-in
Manuelito180: folds 
Uncalled bet ($14.63) returned to VilpPS
VilpPS collected $0.57 from pot
VilpPS: doesn't show hand 
*** SUMMARY ***
Total pot $0.59 | Rake $0.02 
Board [Th Ah 3d 4d]
Seat 1: Manuelito180 (small blind) folded on the Turn
Seat 2: masonada213 (big blind) folded before Flop
Seat 3: malliosK folded before Flop (didn't bet)
Seat 4: herkks folded before Flop (didn't bet)
Seat 5: POTENTIAL_24 folded before Flop (didn't bet)
Seat 6: Dorex2007 folded before Flop (didn't bet)
Seat 8: VilpPS (button) collected ($0.57)



PokerStars Hand #237649582048:  Hold'em No Limit ($0.02/$0.05 USD) - 2022/07/28 16:09:53 PT [2022/07/28 19:09:53 ET]
Table 'Carpenter' 9-max Seat #1 is the button
Seat 1: Manuelito180 ($4.68 in chips) 
Seat 2: masonada213 ($6.98 in chips) 
Seat 3: malliosK ($5 in chips) 
Seat 4: herkks ($6.78 in chips) 
Seat 5: POTENTIAL_24 ($8.86 in chips) 
Seat 6: Dorex2007 ($5.07 in chips) 
Seat 8: VilpPS ($15.20 in chips) 
Seat 9: Thierry1601 ($5 in chips) 
masonada213: posts small blind $0.02
malliosK: posts big blind $0.05
MAF8: sits out 
Thierry1601: posts big blind $0.05
*** HOLE CARDS ***
Dealt to Dorex2007 [2s 5s]
herkks: raises $0.11 to $0.16
POTENTIAL_24: folds 
Dorex2007: folds 
VilpPS: calls $0.16
Thierry1601: calls $0.11
Manuelito180: folds 
masonada213: folds 
malliosK: calls $0.11
*** FLOP *** [Th 8s Qs]
malliosK: bets $0.42
herkks: folds 
VilpPS: calls $0.42
Thierry1601: calls $0.42
*** TURN *** [Th 8s Qs] [Js]
malliosK: bets $1.23
VilpPS: folds 
Thierry1601: calls $1.23
*** RIVER *** [Th 8s Qs Js] [4h]
malliosK: bets $1.26
Thierry1601: raises $1.93 to $3.19 and is all-in
malliosK: calls $1.93 and is all-in
*** SHOW DOWN ***
Thierry1601: shows [Kc Ac] (a straight, Ten to Ace)
malliosK: shows [9d 7h] (a straight, Eight to Queen)
Thierry1601 collected $10.31 from pot
*** SUMMARY ***
Total pot $10.76 | Rake $0.45 
Board [Th 8s Qs Js 4h]
Seat 1: Manuelito180 (button) folded before Flop (didn't bet)
Seat 2: masonada213 (small blind) folded before Flop
Seat 3: malliosK (big blind) showed [9d 7h] and lost with a straight, Eight to Queen
Seat 4: herkks folded on the Flop
Seat 5: POTENTIAL_24 folded before Flop (didn't bet)
Seat 6: Dorex2007 folded before Flop (didn't bet)
Seat 8: VilpPS folded on the Turn
Seat 9: Thierry1601 showed [Kc Ac] and won ($10.31) with a straight, Ten to Ace



PokerStars Hand #237649605971:  Hold'em No Limit ($0.02/$0.05 USD) - 2022/07/28 16:11:16 PT [2022/07/28 19:11:16 ET]
Table 'Carpenter' 9-max Seat #2 is the button
Seat 1: Manuelito180 ($4.68 in chips) 
Seat 2: masonada213 ($6.96 in chips) 
Seat 4: herkks ($6.62 in chips) 
Seat 5: POTENTIAL_24 ($8.86 in chips) 
Seat 6: Dorex2007 ($5.07 in chips) 
Seat 8: VilpPS ($14.62 in chips) 
Seat 9: Thierry1601 ($10.31 in chips) 
herkks: posts small blind $0.02
POTENTIAL_24: posts big blind $0.05
MAF8: sits out 
*** HOLE CARDS ***
Dealt to Dorex2007 [Kc Qh]
Dorex2007: raises $0.15 to $0.20
VilpPS: calls $0.20
Thierry1601: folds 
Manuelito180: folds 
masonada213: folds 
herkks: folds 
POTENTIAL_24: folds 
*** FLOP *** [7h 8h 7c]
Dorex2007: checks 
VilpPS: checks 
*** TURN *** [7h 8h 7c] [5h]
Dorex2007: bets $0.30
VilpPS: folds 
Uncalled bet ($0.30) returned to Dorex2007
Dorex2007 collected $0.45 from pot
Dorex2007: doesn't show hand 
*** SUMMARY ***
Total pot $0.47 | Rake $0.02 
Board [7h 8h 7c 5h]
Seat 1: Manuelito180 folded before Flop (didn't bet)
Seat 2: masonada213 (button) folded before Flop (didn't bet)
Seat 4: herkks (small blind) folded before Flop
Seat 5: POTENTIAL_24 (big blind) folded before Flop
Seat 6: Dorex2007 collected ($0.45)
Seat 8: VilpPS folded on the Turn
Seat 9: Thierry1601 folded before Flop (didn't bet)



PokerStars Hand #237649618335:  Hold'em No Limit ($0.02/$0.05 USD) - 2022/07/28 16:11:59 PT [2022/07/28 19:11:59 ET]
Table 'Carpenter' 9-max Seat #4 is the button
Seat 1: Manuelito180 ($4.68 in chips) 
Seat 2: masonada213 ($6.96 in chips) 
Seat 3: malliosK ($5 in chips) 
Seat 4: herkks ($6.60 in chips) 
Seat 5: POTENTIAL_24 ($8.81 in chips) 
Seat 6: Dorex2007 ($5.32 in chips) 
Seat 8: VilpPS ($14.42 in chips) 
Seat 9: Thierry1601 ($10.31 in chips) 
POTENTIAL_24: posts small blind $0.02
Dorex2007: posts big blind $0.05
MAF8: sits out 
malliosK: posts small blind $0.02
*** HOLE CARDS ***
Dealt to Dorex2007 [8d 2s]
VilpPS: folds 
Thierry1601: folds 
Thierry1601 leaves the table
Manuelito180: folds 
masonada213: folds 
malliosK: folds 
herkks: raises $0.06 to $0.11
POTENTIAL_24: folds 
Dorex2007: folds 
Uncalled bet ($0.06) returned to herkks
herkks collected $0.14 from pot
herkks: doesn't show hand 
*** SUMMARY ***
Total pot $0.14 | Rake $0 
Seat 1: Manuelito180 folded before Flop (didn't bet)
Seat 2: masonada213 folded before Flop (didn't bet)
Seat 3: malliosK folded before Flop (didn't bet)
Seat 4: herkks (button) collected ($0.14)
Seat 5: POTENTIAL_24 (small blind) folded before Flop
Seat 6: Dorex2007 (big blind) folded before Flop
Seat 8: VilpPS folded before Flop (didn't bet)
Seat 9: Thierry1601 folded before Flop (didn't bet)



PokerStars Hand #237649625482:  Hold'em No Limit ($0.02/$0.05 USD) - 2022/07/28 16:12:24 PT [2022/07/28 19:12:24 ET]
Table 'Carpenter' 9-max Seat #5 is the button
Seat 1: Manuelito180 ($4.68 in chips) 
Seat 2: masonada213 ($6.96 in chips) 
Seat 3: malliosK ($4.98 in chips) 
Seat 4: herkks ($6.69 in chips) 
Seat 5: POTENTIAL_24 ($8.79 in chips) 
Seat 6: Dorex2007 ($5.27 in chips) 
Seat 7: MAF8 ($2 in chips) 
Seat 8: VilpPS ($14.42 in chips) 
Dorex2007: posts small blind $0.02
MAF8: posts big blind $0.05
*** HOLE CARDS ***
Dealt to Dorex2007 [8s Th]
VilpPS: folds 
Manuelito180: folds 
masonada213: folds 
malliosK: raises $0.06 to $0.11
herkks: calls $0.11
nvhnam joins the table at seat #9 
nvhnam leaves the table
POTENTIAL_24: raises $0.23 to $0.34
Dorex2007: folds 
razvan26104 joins the table at seat #9 
MAF8: folds 
malliosK: calls $0.23
herkks: folds 
*** FLOP *** [6s 2c 7s]
malliosK: bets $0.66
POTENTIAL_24: folds 
Uncalled bet ($0.66) returned to malliosK
malliosK collected $0.82 from pot
malliosK: doesn't show hand 
*** SUMMARY ***
Total pot $0.86 | Rake $0.04 
Board [6s 2c 7s]
Seat 1: Manuelito180 folded before Flop (didn't bet)
Seat 2: masonada213 folded before Flop (didn't bet)
Seat 3: malliosK collected ($0.82)
Seat 4: herkks folded before Flop
Seat 5: POTENTIAL_24 (button) folded on the Flop
Seat 6: Dorex2007 (small blind) folded before Flop
Seat 7: MAF8 (big blind) folded before Flop
Seat 8: VilpPS folded before Flop (didn't bet)



PokerStars Hand #237649650727:  Hold'em No Limit ($0.02/$0.05 USD) - 2022/07/28 16:13:30 PT [2022/07/28 19:13:30 ET]
Table 'Carpenter' 9-max Seat #6 is the button
Seat 1: Manuelito180 ($4.68 in chips) 
Seat 2: masonada213 ($6.96 in chips) 
Seat 3: malliosK ($5.46 in chips) 
Seat 4: herkks ($6.58 in chips) 
Seat 6: Dorex2007 ($5.25 in chips) 
Seat 7: MAF8 ($1.95 in chips) 
Seat 8: VilpPS ($14.42 in chips) 
Seat 9: razvan26104 ($4 in chips) 
MAF8: posts small blind $0.02
VilpPS: posts big blind $0.05
razvan26104: posts big blind $0.05
*** HOLE CARDS ***
Dealt to Dorex2007 [Td 2d]
razvan26104: checks 
Manuelito180: folds 
masonada213: raises $0.17 to $0.22
POTENTIAL_24 leaves the table
malliosK: folds 
herkks: folds 
Dorex2007: folds 
vlasyk2017 joins the table at seat #5 
MAF8: calls $0.20
VilpPS: folds 
razvan26104: calls $0.17
*** FLOP *** [4c 6d 6h]
MAF8: checks 
razvan26104: checks 
masonada213: bets $0.45
MAF8: folds 
razvan26104: folds 
Uncalled bet ($0.45) returned to masonada213
masonada213 collected $0.67 from pot
masonada213: doesn't show hand 
*** SUMMARY ***
Total pot $0.71 | Rake $0.04 
Board [4c 6d 6h]
Seat 1: Manuelito180 folded before Flop (didn't bet)
Seat 2: masonada213 collected ($0.67)
Seat 3: malliosK folded before Flop (didn't bet)
Seat 4: herkks folded before Flop (didn't bet)
Seat 6: Dorex2007 (button) folded before Flop (didn't bet)
Seat 7: MAF8 (small blind) folded on the Flop
Seat 8: VilpPS (big blind) folded before Flop
Seat 9: razvan26104 folded on the Flop



PokerStars Hand #237649668532:  Hold'em No Limit ($0.02/$0.05 USD) - 2022/07/28 16:14:32 PT [2022/07/28 19:14:32 ET]
Table 'Carpenter' 9-max Seat #7 is the button
Seat 1: Manuelito180 ($4.68 in chips) 
Seat 2: masonada213 ($7.41 in chips) 
Seat 3: malliosK ($5.46 in chips) 
Seat 4: herkks ($6.58 in chips) 
Seat 6: Dorex2007 ($5.25 in chips) 
Seat 7: MAF8 ($1.73 in chips) 
Seat 8: VilpPS ($14.37 in chips) 
Seat 9: razvan26104 ($3.78 in chips) 
VilpPS: posts small blind $0.02
razvan26104: posts big blind $0.05
vlasyk2017: sits out 
*** HOLE CARDS ***
Dealt to Dorex2007 [4h Ad]
Manuelito180: folds 
masonada213: raises $0.07 to $0.12
malliosK: folds 
herkks: folds 
Dorex2007: folds 
MAF8: calls $0.12
VilpPS: folds 
razvan26104: calls $0.07
*** FLOP *** [Ac Jh 4d]
razvan26104: checks 
masonada213: bets $0.24
MAF8: calls $0.24
razvan26104: folds 
*** TURN *** [Ac Jh 4d] [6d]
masonada213: bets $0.27
MAF8: calls $0.27
*** RIVER *** [Ac Jh 4d 6d] [5c]
masonada213: checks 
MAF8: bets $1.10 and is all-in
masonada213: folds 
Uncalled bet ($1.10) returned to MAF8
MAF8 collected $1.34 from pot
MAF8: doesn't show hand 
*** SUMMARY ***
Total pot $1.40 | Rake $0.06 
Board [Ac Jh 4d 6d 5c]
Seat 1: Manuelito180 folded before Flop (didn't bet)
Seat 2: masonada213 folded on the River
Seat 3: malliosK folded before Flop (didn't bet)
Seat 4: herkks folded before Flop (didn't bet)
Seat 6: Dorex2007 folded before Flop (didn't bet)
Seat 7: MAF8 (button) collected ($1.34)
Seat 8: VilpPS (small blind) folded before Flop
Seat 9: razvan26104 (big blind) folded on the Flop



PokerStars Hand #237649689115:  Hold'em No Limit ($0.02/$0.05 USD) - 2022/07/28 16:15:44 PT [2022/07/28 19:15:44 ET]
Table 'Carpenter' 9-max Seat #8 is the button
Seat 1: Manuelito180 ($4.68 in chips) 
Seat 2: masonada213 ($6.78 in chips) 
Seat 3: malliosK ($5.46 in chips) 
Seat 4: herkks ($6.58 in chips) 
Seat 6: Dorex2007 ($5.25 in chips) 
Seat 7: MAF8 ($2.44 in chips) 
Seat 8: VilpPS ($14.35 in chips) 
Seat 9: razvan26104 ($3.66 in chips) 
razvan26104: posts small blind $0.02
Manuelito180: posts big blind $0.05
vlasyk2017: sits out 
*** HOLE CARDS ***
Dealt to Dorex2007 [7h Th]
masonada213: folds 
malliosK: folds 
herkks: raises $0.09 to $0.14
Dorex2007: folds 
MAF8: folds 
VilpPS: calls $0.14
razvan26104: folds 
Manuelito180: folds 
*** FLOP *** [Ts 2c Qc]
herkks: bets $0.19
VilpPS: calls $0.19
*** TURN *** [Ts 2c Qc] [Tc]
herkks: checks 
VilpPS: bets $0.51
herkks: folds 
Uncalled bet ($0.51) returned to VilpPS
VilpPS collected $0.70 from pot
VilpPS: doesn't show hand 
*** SUMMARY ***
Total pot $0.73 | Rake $0.03 
Board [Ts 2c Qc Tc]
Seat 1: Manuelito180 (big blind) folded before Flop
Seat 2: masonada213 folded before Flop (didn't bet)
Seat 3: malliosK folded before Flop (didn't bet)
Seat 4: herkks folded on the Turn
Seat 6: Dorex2007 folded before Flop (didn't bet)
Seat 7: MAF8 folded before Flop (didn't bet)
Seat 8: VilpPS (button) collected ($0.70)
Seat 9: razvan26104 (small blind) folded before Flop



PokerStars Hand #237649701823:  Hold'em No Limit ($0.02/$0.05 USD) - 2022/07/28 16:16:29 PT [2022/07/28 19:16:29 ET]
Table 'Carpenter' 9-max Seat #9 is the button
Seat 1: Manuelito180 ($4.63 in chips) 
Seat 2: masonada213 ($6.78 in chips) 
Seat 3: malliosK ($5.46 in chips) 
Seat 4: herkks ($6.25 in chips) 
Seat 6: Dorex2007 ($5.25 in chips) 
Seat 7: MAF8 ($2.44 in chips) 
Seat 8: VilpPS ($14.72 in chips) 
Seat 9: razvan26104 ($3.64 in chips) 
Manuelito180: posts small blind $0.02
masonada213: posts big blind $0.05
vlasyk2017: sits out 
*** HOLE CARDS ***
Dealt to Dorex2007 [4c 9s]
malliosK: raises $0.06 to $0.11
herkks: folds 
Dorex2007: folds 
MAF8: folds 
VilpPS: folds 
razvan26104: calls $0.11
Manuelito180: calls $0.09
masonada213: calls $0.06
*** FLOP *** [Th 9d 5s]
Manuelito180: checks 
masonada213: checks 
malliosK: checks 
razvan26104: checks 
*** TURN *** [Th 9d 5s] [5c]
Manuelito180: checks 
masonada213: checks 
malliosK: bets $0.28
razvan26104: folds 
Manuelito180: folds 
masonada213: folds 
Uncalled bet ($0.28) returned to malliosK
malliosK collected $0.42 from pot
malliosK: doesn't show hand 
*** SUMMARY ***
Total pot $0.44 | Rake $0.02 
Board [Th 9d 5s 5c]
Seat 1: Manuelito180 (small blind) folded on the Turn
Seat 2: masonada213 (big blind) folded on the Turn
Seat 3: malliosK collected ($0.42)
Seat 4: herkks folded before Flop (didn't bet)
Seat 6: Dorex2007 folded before Flop (didn't bet)
Seat 7: MAF8 folded before Flop (didn't bet)
Seat 8: VilpPS folded before Flop (didn't bet)
Seat 9: razvan26104 (button) folded on the Turn



PokerStars Hand #237649724540:  Hold'em No Limit ($0.02/$0.05 USD) - 2022/07/28 16:17:51 PT [2022/07/28 19:17:51 ET]
Table 'Carpenter' 9-max Seat #1 is the button
Seat 1: Manuelito180 ($4.52 in chips) 
Seat 2: masonada213 ($6.67 in chips) 
Seat 3: malliosK ($5.77 in chips) 
Seat 4: herkks ($6.25 in chips) 
Seat 6: Dorex2007 ($5.25 in chips) 
Seat 7: MAF8 ($2.44 in chips) 
Seat 8: VilpPS ($14.72 in chips) 
Seat 9: razvan26104 ($3.53 in chips) 
masonada213: posts small blind $0.02
malliosK: posts big blind $0.05
vlasyk2017: sits out 
*** HOLE CARDS ***
Dealt to Dorex2007 [3h Qh]
herkks: folds 
Dorex2007: folds 
MAF8: folds 
VilpPS: raises $0.08 to $0.13
razvan26104: folds 
Manuelito180: folds 
masonada213: folds 
malliosK: folds 
Uncalled bet ($0.08) returned to VilpPS
VilpPS collected $0.12 from pot
VilpPS: doesn't show hand 
*** SUMMARY ***
Total pot $0.12 | Rake $0 
Seat 1: Manuelito180 (button) folded before Flop (didn't bet)
Seat 2: masonada213 (small blind) folded before Flop
Seat 3: malliosK (big blind) folded before Flop
Seat 4: herkks folded before Flop (didn't bet)
Seat 6: Dorex2007 folded before Flop (didn't bet)
Seat 7: MAF8 folded before Flop (didn't bet)
Seat 8: VilpPS collected ($0.12)
Seat 9: razvan26104 folded before Flop (didn't bet)



PokerStars Hand #237649731988:  Hold'em No Limit ($0.02/$0.05 USD) - 2022/07/28 16:18:17 PT [2022/07/28 19:18:17 ET]
Table 'Carpenter' 9-max Seat #2 is the button
Seat 1: Manuelito180 ($4.52 in chips) 
Seat 2: masonada213 ($6.65 in chips) 
Seat 3: malliosK ($5.72 in chips) 
Seat 4: herkks ($6.25 in chips) 
Seat 6: Dorex2007 ($5.25 in chips) 
Seat 7: MAF8 ($2.44 in chips) 
Seat 8: VilpPS ($14.79 in chips) 
Seat 9: razvan26104 ($3.53 in chips) 
malliosK: posts small blind $0.02
herkks: posts big blind $0.05
vlasyk2017: sits out 
*** HOLE CARDS ***
Dealt to Dorex2007 [4h 9d]
Dorex2007: folds 
MAF8: folds 
VilpPS: folds 
razvan26104: calls $0.05
Manuelito180: raises $0.10 to $0.15
masonada213: raises $0.30 to $0.45
malliosK: folds 
herkks: folds 
razvan26104: folds 
Manuelito180: folds 
Uncalled bet ($0.30) returned to masonada213
masonada213 collected $0.42 from pot
masonada213: doesn't show hand 
*** SUMMARY ***
Total pot $0.42 | Rake $0 
Seat 1: Manuelito180 folded before Flop
Seat 2: masonada213 (button) collected ($0.42)
Seat 3: malliosK (small blind) folded before Flop
Seat 4: herkks (big blind) folded before Flop
Seat 6: Dorex2007 folded before Flop (didn't bet)
Seat 7: MAF8 folded before Flop (didn't bet)
Seat 8: VilpPS folded before Flop (didn't bet)
Seat 9: razvan26104 folded before Flop



PokerStars Hand #237649745211:  Hold'em No Limit ($0.02/$0.05 USD) - 2022/07/28 16:19:05 PT [2022/07/28 19:19:05 ET]
Table 'Carpenter' 9-max Seat #3 is the button
Seat 1: Manuelito180 ($4.37 in chips) 
Seat 2: masonada213 ($6.92 in chips) 
Seat 3: malliosK ($5.70 in chips) 
Seat 6: Dorex2007 ($5.25 in chips) 
Seat 7: MAF8 ($2.44 in chips) 
Seat 8: VilpPS ($14.79 in chips) 
Seat 9: razvan26104 ($3.48 in chips) 
Dorex2007: posts small blind $0.02
MAF8: posts big blind $0.05
*** HOLE CARDS ***
Dealt to Dorex2007 [Qc Ah]
VilpPS: folds 
razvan26104: calls $0.05
Manuelito180: folds 
masonada213: folds 
malliosK: raises $0.06 to $0.11
Dorex2007: calls $0.09
MAF8: folds 
razvan26104: calls $0.06
*** FLOP *** [8s 6h 2s]
Dorex2007: bets $0.18
razvan26104: folds 
malliosK: calls $0.18
*** TURN *** [8s 6h 2s] [Kh]
Dorex2007: checks 
malliosK: bets $0.80
Dorex2007: folds 
Uncalled bet ($0.80) returned to malliosK
malliosK collected $0.71 from pot
malliosK: doesn't show hand 
*** SUMMARY ***
Total pot $0.74 | Rake $0.03 
Board [8s 6h 2s Kh]
Seat 1: Manuelito180 folded before Flop (didn't bet)
Seat 2: masonada213 folded before Flop (didn't bet)
Seat 3: malliosK (button) collected ($0.71)
Seat 6: Dorex2007 (small blind) folded on the Turn
Seat 7: MAF8 (big blind) folded before Flop
Seat 8: VilpPS folded before Flop (didn't bet)
Seat 9: razvan26104 folded on the Flop



PokerStars Hand #237649763218:  Hold'em No Limit ($0.02/$0.05 USD) - 2022/07/28 16:20:10 PT [2022/07/28 19:20:10 ET]
Table 'Carpenter' 9-max Seat #6 is the button
Seat 1: Manuelito180 ($4.37 in chips) 
Seat 2: masonada213 ($6.92 in chips) 
Seat 3: malliosK ($6.12 in chips) 
Seat 6: Dorex2007 ($5 in chips) 
Seat 7: MAF8 ($2.39 in chips) 
Seat 8: VilpPS ($14.79 in chips) 
Seat 9: razvan26104 ($3.37 in chips) 
MAF8: posts small blind $0.02
VilpPS: posts big blind $0.05
vlasyk2017: sits out 
*** HOLE CARDS ***
Dealt to Dorex2007 [Ks 3s]
razvan26104: calls $0.05
Manuelito180: folds 
masonada213: raises $0.17 to $0.22
malliosK: folds 
Dorex2007: folds 
MAF8: folds 
VilpPS: folds 
razvan26104: calls $0.17
*** FLOP *** [Ac 6d 5h]
razvan26104: checks 
masonada213: checks 
*** TURN *** [Ac 6d 5h] [2d]
razvan26104: bets $0.10
masonada213: calls $0.10
*** RIVER *** [Ac 6d 5h 2d] [7s]
razvan26104: bets $0.20
masonada213: folds 
Uncalled bet ($0.20) returned to razvan26104
razvan26104 collected $0.68 from pot
razvan26104: doesn't show hand 
*** SUMMARY ***
Total pot $0.71 | Rake $0.03 
Board [Ac 6d 5h 2d 7s]
Seat 1: Manuelito180 folded before Flop (didn't bet)
Seat 2: masonada213 folded on the River
Seat 3: malliosK folded before Flop (didn't bet)
Seat 6: Dorex2007 (button) folded before Flop (didn't bet)
Seat 7: MAF8 (small blind) folded before Flop
Seat 8: VilpPS (big blind) folded before Flop
Seat 9: razvan26104 collected ($0.68)



PokerStars Hand #237649782309:  Hold'em No Limit ($0.02/$0.05 USD) - 2022/07/28 16:21:19 PT [2022/07/28 19:21:19 ET]
Table 'Carpenter' 9-max Seat #7 is the button
Seat 1: Manuelito180 ($4.37 in chips) 
Seat 2: masonada213 ($6.60 in chips) 
Seat 3: malliosK ($6.12 in chips) 
Seat 6: Dorex2007 ($5 in chips) 
Seat 7: MAF8 ($2.37 in chips) 
Seat 8: VilpPS ($14.74 in chips) 
Seat 9: razvan26104 ($3.73 in chips) 
VilpPS: posts small blind $0.02
razvan26104: posts big blind $0.05
vlasyk2017: sits out 
*** HOLE CARDS ***
Dealt to Dorex2007 [Jh 6d]
Manuelito180: folds 
masonada213: raises $0.07 to $0.12
malliosK: calls $0.12
Dorex2007: folds 
MAF8: folds 
VilpPS: folds 
razvan26104: calls $0.07
*** FLOP *** [7d 2c 7c]
razvan26104: checks 
masonada213: bets $0.24
malliosK: folds 
razvan26104: folds 
Uncalled bet ($0.24) returned to masonada213
masonada213 collected $0.36 from pot
masonada213: doesn't show hand 
*** SUMMARY ***
Total pot $0.38 | Rake $0.02 
Board [7d 2c 7c]
Seat 1: Manuelito180 folded before Flop (didn't bet)
Seat 2: masonada213 collected ($0.36)
Seat 3: malliosK folded on the Flop
Seat 6: Dorex2007 folded before Flop (didn't bet)
Seat 7: MAF8 (button) folded before Flop (didn't bet)
Seat 8: VilpPS (small blind) folded before Flop
Seat 9: razvan26104 (big blind) folded on the Flop



PokerStars Hand #237649795209:  Hold'em No Limit ($0.02/$0.05 USD) - 2022/07/28 16:21:54 PT [2022/07/28 19:21:54 ET]
Table 'Carpenter' 9-max Seat #8 is the button
Seat 1: Manuelito180 ($4.37 in chips) 
Seat 2: masonada213 ($6.84 in chips) 
Seat 3: malliosK ($6 in chips) 
Seat 6: Dorex2007 ($5 in chips) 
Seat 7: MAF8 ($2.37 in chips) 
Seat 8: VilpPS ($14.72 in chips) 
Seat 9: razvan26104 ($3.61 in chips) 
razvan26104: posts small blind $0.02
Manuelito180: posts big blind $0.05
vlasyk2017: sits out 
*** HOLE CARDS ***
Dealt to Dorex2007 [3s Kc]
masonada213: folds 
malliosK: folds 
Dorex2007: folds 
MAF8: folds 
VilpPS: raises $0.08 to $0.13
razvan26104: folds 
Manuelito180: calls $0.08
*** FLOP *** [2c Qs 8s]
Manuelito180: checks 
VilpPS: bets $0.30
Manuelito180: calls $0.30
*** TURN *** [2c Qs 8s] [4c]
Manuelito180: checks 
VilpPS: bets $0.61
Manuelito180: calls $0.61
*** RIVER *** [2c Qs 8s 4c] [4h]
Manuelito180: checks 
VilpPS: bets $13.68 and is all-in
Manuelito180: folds 
Uncalled bet ($13.68) returned to VilpPS
VilpPS collected $2.01 from pot
VilpPS: doesn't show hand 
*** SUMMARY ***
Total pot $2.10 | Rake $0.09 
Board [2c Qs 8s 4c 4h]
Seat 1: Manuelito180 (big blind) folded on the River
Seat 2: masonada213 folded before Flop (didn't bet)
Seat 3: malliosK folded before Flop (didn't bet)
Seat 6: Dorex2007 folded before Flop (didn't bet)
Seat 7: MAF8 folded before Flop (didn't bet)
Seat 8: VilpPS (button) collected ($2.01)
Seat 9: razvan26104 (small blind) folded before Flop



PokerStars Hand #237649809636:  Hold'em No Limit ($0.02/$0.05 USD) - 2022/07/28 16:22:48 PT [2022/07/28 19:22:48 ET]
Table 'Carpenter' 9-max Seat #9 is the button
Seat 1: Manuelito180 ($3.33 in chips) 
Seat 2: masonada213 ($6.84 in chips) 
Seat 3: malliosK ($6 in chips) 
Seat 6: Dorex2007 ($5 in chips) 
Seat 7: MAF8 ($2.37 in chips) 
Seat 8: VilpPS ($15.69 in chips) 
Seat 9: razvan26104 ($3.59 in chips) 
Manuelito180: posts small blind $0.02
masonada213: posts big blind $0.05
vlasyk2017: sits out 
*** HOLE CARDS ***
Dealt to Dorex2007 [Jh Tc]
malliosK: calls $0.05
Dorex2007: folds 
MAF8: folds 
VilpPS: folds 
razvan26104: calls $0.05
Manuelito180: calls $0.03
masonada213: raises $0.20 to $0.25
malliosK: calls $0.20
razvan26104: calls $0.20
Manuelito180: calls $0.20
*** FLOP *** [5s 7h 4h]
Manuelito180: checks 
masonada213: bets $0.32
malliosK: calls $0.32
razvan26104: calls $0.32
Manuelito180: folds 
*** TURN *** [5s 7h 4h] [Ad]
masonada213: bets $1.24
malliosK: folds 
razvan26104: calls $1.24
*** RIVER *** [5s 7h 4h Ad] [2s]
masonada213: bets $0.05
razvan26104: raises $1.65 to $1.70
masonada213: calls $1.65
*** SHOW DOWN ***
razvan26104: shows [6s 6c] (a pair of Sixes)
masonada213: shows [Ah Kc] (a pair of Aces)
masonada213 collected $7.43 from pot
*** SUMMARY ***
Total pot $7.84 | Rake $0.41 
Board [5s 7h 4h Ad 2s]
Seat 1: Manuelito180 (small blind) folded on the Flop
Seat 2: masonada213 (big blind) showed [Ah Kc] and won ($7.43) with a pair of Aces
Seat 3: malliosK folded on the Turn
Seat 6: Dorex2007 folded before Flop (didn't bet)
Seat 7: MAF8 folded before Flop (didn't bet)
Seat 8: VilpPS folded before Flop (didn't bet)
Seat 9: razvan26104 (button) showed [6s 6c] and lost with a pair of Sixes



PokerStars Hand #237649835639:  Hold'em No Limit ($0.02/$0.05 USD) - 2022/07/28 16:24:23 PT [2022/07/28 19:24:23 ET]
Table 'Carpenter' 9-max Seat #1 is the button
Seat 1: Manuelito180 ($3.08 in chips) 
Seat 2: masonada213 ($10.76 in chips) 
Seat 3: malliosK ($5.43 in chips) 
Seat 6: Dorex2007 ($5 in chips) 
Seat 7: MAF8 ($2.37 in chips) 
Seat 8: VilpPS ($15.69 in chips) 
Seat 9: razvan26104 ($0.08 in chips) 
masonada213: posts small blind $0.02
malliosK: posts big blind $0.05
vlasyk2017: sits out 
*** HOLE CARDS ***
Dealt to Dorex2007 [9c 6d]
Dorex2007: folds 
MAF8: folds 
VilpPS: folds 
razvan26104: calls $0.05
Manuelito180: folds 
masonada213: calls $0.03
malliosK: checks 
*** FLOP *** [8c 9s 3c]
masonada213: checks 
malliosK: checks 
razvan26104: checks 
*** TURN *** [8c 9s 3c] [7s]
masonada213: bets $0.09
herkks leaves the table
malliosK: folds 
razvan26104: calls $0.03 and is all-in
Uncalled bet ($0.06) returned to masonada213
masonada213 has timed out
*** RIVER *** [8c 9s 3c 7s] [6s]
*** SHOW DOWN ***
masonada213: shows [8d Kd] (a pair of Eights)
razvan26104: shows [Ts 4s] (a flush, Ten high)
razvan26104 collected $0.20 from pot
*** SUMMARY ***
Total pot $0.21 | Rake $0.01 
Board [8c 9s 3c 7s 6s]
Seat 1: Manuelito180 (button) folded before Flop (didn't bet)
Seat 2: masonada213 (small blind) showed [8d Kd] and lost with a pair of Eights
Seat 3: malliosK (big blind) folded on the Turn
Seat 6: Dorex2007 folded before Flop (didn't bet)
Seat 7: MAF8 folded before Flop (didn't bet)
Seat 8: VilpPS folded before Flop (didn't bet)
Seat 9: razvan26104 showed [Ts 4s] and won ($0.20) with a flush, Ten high



PokerStars Hand #237649853975:  Hold'em No Limit ($0.02/$0.05 USD) - 2022/07/28 16:25:30 PT [2022/07/28 19:25:30 ET]
Table 'Carpenter' 9-max Seat #2 is the button
Seat 1: Manuelito180 ($5 in chips) 
Seat 2: masonada213 ($10.68 in chips) 
Seat 3: malliosK ($5.38 in chips) 
Seat 5: vlasyk2017 ($5 in chips) 
Seat 6: Dorex2007 ($5 in chips) 
Seat 7: MAF8 ($2.37 in chips) 
Seat 8: VilpPS ($15.69 in chips) 
Seat 9: razvan26104 ($0.20 in chips) 
malliosK: posts small blind $0.02
vlasyk2017: posts big blind $0.05
*** HOLE CARDS ***
Dealt to Dorex2007 [Kc Jd]
enixblr joins the table at seat #4 
Dorex2007: raises $0.15 to $0.20
MAF8: folds 
VilpPS: folds 
razvan26104: folds 
Manuelito180: folds 
masonada213: folds 
malliosK: calls $0.18
vlasyk2017: folds 
*** FLOP *** [9d Jh 2d]
malliosK: checks 
Dorex2007: bets $0.43
malliosK: calls $0.43
*** TURN *** [9d Jh 2d] [9c]
malliosK: checks 
razvan26104 leaves the table
Dorex2007: bets $4.37 and is all-in
malliosK: folds 
Uncalled bet ($4.37) returned to Dorex2007
Dorex2007 collected $1.26 from pot
Dorex2007: doesn't show hand 
*** SUMMARY ***
Total pot $1.31 | Rake $0.05 
Board [9d Jh 2d 9c]
Seat 1: Manuelito180 folded before Flop (didn't bet)
Seat 2: masonada213 (button) folded before Flop (didn't bet)
Seat 3: malliosK (small blind) folded on the Turn
Seat 5: vlasyk2017 (big blind) folded before Flop
Seat 6: Dorex2007 collected ($1.26)
Seat 7: MAF8 folded before Flop (didn't bet)
Seat 8: VilpPS folded before Flop (didn't bet)
Seat 9: razvan26104 folded before Flop (didn't bet)



PokerStars Hand #237649871720:  Hold'em No Limit ($0.02/$0.05 USD) - 2022/07/28 16:26:36 PT [2022/07/28 19:26:36 ET]
Table 'Carpenter' 9-max Seat #3 is the button
Seat 1: Manuelito180 ($5 in chips) 
Seat 2: masonada213 ($10.68 in chips) 
Seat 3: malliosK ($4.75 in chips) 
Seat 5: vlasyk2017 ($5 in chips) 
Seat 6: Dorex2007 ($5.63 in chips) 
Seat 7: MAF8 ($2.37 in chips) 
Seat 8: VilpPS ($15.69 in chips) 
vlasyk2017: posts small blind $0.02
Dorex2007: posts big blind $0.05
*** HOLE CARDS ***
Dealt to Dorex2007 [5d Qs]
MAF8: folds 
VilpPS: folds 
Manuelito180: folds 
masonada213: folds 
malliosK has timed out
malliosK: folds 
vlasyk2017: folds 
Uncalled bet ($0.03) returned to Dorex2007
Dorex2007 collected $0.04 from pot
Dorex2007: doesn't show hand 
*** SUMMARY ***
Total pot $0.04 | Rake $0 
Seat 1: Manuelito180 folded before Flop (didn't bet)
Seat 2: masonada213 folded before Flop (didn't bet)
Seat 3: malliosK (button) folded before Flop (didn't bet)
Seat 5: vlasyk2017 (small blind) folded before Flop
Seat 6: Dorex2007 (big blind) collected ($0.04)
Seat 7: MAF8 folded before Flop (didn't bet)
Seat 8: VilpPS folded before Flop (didn't bet)



PokerStars Hand #237649879293:  Hold'em No Limit ($0.02/$0.05 USD) - 2022/07/28 16:27:05 PT [2022/07/28 19:27:05 ET]
Table 'Carpenter' 9-max Seat #5 is the button
Seat 1: Manuelito180 ($5 in chips) 
Seat 2: masonada213 ($10.68 in chips) 
Seat 5: vlasyk2017 ($5 in chips) 
Seat 6: Dorex2007 ($5.65 in chips) 
Seat 7: MAF8 ($2.37 in chips) 
Seat 8: VilpPS ($15.69 in chips) 
Dorex2007: posts small blind $0.02
MAF8: posts big blind $0.05
enixblr: sits out 
*** HOLE CARDS ***
Dealt to Dorex2007 [Th 8c]
VilpPS: folds 
Manuelito180: folds 
masonada213: folds 
vlasyk2017: folds 
Dorex2007: folds 
Uncalled bet ($0.03) returned to MAF8
MAF8 collected $0.04 from pot
MAF8: doesn't show hand 
*** SUMMARY ***
Total pot $0.04 | Rake $0 
Seat 1: Manuelito180 folded before Flop (didn't bet)
Seat 2: masonada213 folded before Flop (didn't bet)
Seat 5: vlasyk2017 (button) folded before Flop (didn't bet)
Seat 6: Dorex2007 (small blind) folded before Flop
Seat 7: MAF8 (big blind) collected ($0.04)
Seat 8: VilpPS folded before Flop (didn't bet)



PokerStars Hand #237649884251:  Hold'em No Limit ($0.02/$0.05 USD) - 2022/07/28 16:27:23 PT [2022/07/28 19:27:23 ET]
Table 'Carpenter' 9-max Seat #6 is the button
Seat 1: Manuelito180 ($5 in chips) 
Seat 2: masonada213 ($10.68 in chips) 
Seat 3: malliosK ($4.75 in chips) 
Seat 5: vlasyk2017 ($5 in chips) 
Seat 6: Dorex2007 ($5.63 in chips) 
Seat 7: MAF8 ($2.39 in chips) 
Seat 8: VilpPS ($15.69 in chips) 
MAF8: posts small blind $0.02
VilpPS: posts big blind $0.05
enixblr: sits out 
*** HOLE CARDS ***
Dealt to Dorex2007 [2c Kc]
Manuelito180: raises $0.10 to $0.15
masonada213: folds 
malliosK: calls $0.15
vlasyk2017: folds 
Dorex2007: folds 
MAF8: folds 
VilpPS: folds 
*** FLOP *** [5c 5h 9h]
Manuelito180: bets $0.17
malliosK: raises $0.38 to $0.55
Manuelito180: folds 
Uncalled bet ($0.38) returned to malliosK
malliosK collected $0.68 from pot
malliosK: doesn't show hand 
*** SUMMARY ***
Total pot $0.71 | Rake $0.03 
Board [5c 5h 9h]
Seat 1: Manuelito180 folded on the Flop
Seat 2: masonada213 folded before Flop (didn't bet)
Seat 3: malliosK collected ($0.68)
Seat 5: vlasyk2017 folded before Flop (didn't bet)
Seat 6: Dorex2007 (button) folded before Flop (didn't bet)
Seat 7: MAF8 (small blind) folded before Flop
Seat 8: VilpPS (big blind) folded before Flop



PokerStars Hand #237649894705:  Hold'em No Limit ($0.02/$0.05 USD) - 2022/07/28 16:28:02 PT [2022/07/28 19:28:02 ET]
Table 'Carpenter' 9-max Seat #7 is the button
Seat 1: Manuelito180 ($4.68 in chips) 
Seat 2: masonada213 ($10.68 in chips) 
Seat 3: malliosK ($5.11 in chips) 
Seat 5: vlasyk2017 ($5 in chips) 
Seat 6: Dorex2007 ($5.63 in chips) 
Seat 7: MAF8 ($2.37 in chips) 
Seat 8: VilpPS ($15.64 in chips) 
VilpPS: posts small blind $0.02
Manuelito180: posts big blind $0.05
enixblr: sits out 
*** HOLE CARDS ***
Dealt to Dorex2007 [2h Ks]
masonada213 has timed out
masonada213: folds 
malliosK: folds 
vlasyk2017: folds 
Dorex2007: folds 
MAF8: folds 
VilpPS: raises $0.08 to $0.13
Manuelito180: calls $0.08
*** FLOP *** [7h 4h Th]
VilpPS: bets $0.12
Manuelito180: calls $0.12
*** TURN *** [7h 4h Th] [8c]
VilpPS: bets $15.39 and is all-in
Manuelito180: folds 
Uncalled bet ($15.39) returned to VilpPS
VilpPS collected $0.48 from pot
VilpPS: doesn't show hand 
*** SUMMARY ***
Total pot $0.50 | Rake $0.02 
Board [7h 4h Th 8c]
Seat 1: Manuelito180 (big blind) folded on the Turn
Seat 2: masonada213 folded before Flop (didn't bet)
Seat 3: malliosK folded before Flop (didn't bet)
Seat 5: vlasyk2017 folded before Flop (didn't bet)
Seat 6: Dorex2007 folded before Flop (didn't bet)
Seat 7: MAF8 (button) folded before Flop (didn't bet)
Seat 8: VilpPS (small blind) collected ($0.48)



PokerStars Hand #237649906982:  Hold'em No Limit ($0.02/$0.05 USD) - 2022/07/28 16:28:48 PT [2022/07/28 19:28:48 ET]
Table 'Carpenter' 9-max Seat #8 is the button
Seat 1: Manuelito180 ($4.43 in chips) 
Seat 2: masonada213 ($10.68 in chips) 
Seat 3: malliosK ($5.11 in chips) 
Seat 5: vlasyk2017 ($5 in chips) 
Seat 6: Dorex2007 ($5.63 in chips) 
Seat 7: MAF8 ($2.37 in chips) 
Seat 8: VilpPS ($15.87 in chips) 
Manuelito180: posts small blind $0.02
masonada213: posts big blind $0.05
enixblr: sits out 
*** HOLE CARDS ***
Dealt to Dorex2007 [Kc Qc]
malliosK has timed out
malliosK: folds 
vlasyk2017: folds 
Dorex2007: raises $0.15 to $0.20
MAF8: folds 
VilpPS: folds 
Manuelito180: folds 
masonada213: folds 
Uncalled bet ($0.15) returned to Dorex2007
Dorex2007 collected $0.12 from pot
Dorex2007: doesn't show hand 
*** SUMMARY ***
Total pot $0.12 | Rake $0 
Seat 1: Manuelito180 (small blind) folded before Flop
Seat 2: masonada213 (big blind) folded before Flop
Seat 3: malliosK folded before Flop (didn't bet)
Seat 5: vlasyk2017 folded before Flop (didn't bet)
Seat 6: Dorex2007 collected ($0.12)
Seat 7: MAF8 folded before Flop (didn't bet)
Seat 8: VilpPS (button) folded before Flop (didn't bet)



PokerStars Hand #237649913024:  Hold'em No Limit ($0.02/$0.05 USD) - 2022/07/28 16:29:11 PT [2022/07/28 19:29:11 ET]
Table 'Carpenter' 9-max Seat #1 is the button
Seat 1: Manuelito180 ($4.41 in chips) 
Seat 2: masonada213 ($10.63 in chips) 
Seat 4: enixblr ($5 in chips) 
Seat 5: vlasyk2017 ($5 in chips) 
Seat 6: Dorex2007 ($5.70 in chips) 
Seat 7: MAF8 ($2.37 in chips) 
Seat 8: VilpPS ($15.87 in chips) 
masonada213: posts small blind $0.02
enixblr: posts big blind $0.05
*** HOLE CARDS ***
Dealt to Dorex2007 [Qc 4c]
vlasyk2017: raises $0.10 to $0.15
Dorex2007: folds 
MAF8: folds 
VilpPS: folds 
Manuelito180: folds 
masonada213: folds 
LittleDaniell joins the table at seat #9 
enixblr: calls $0.10
*** FLOP *** [Jd Ts Qh]
enixblr: checks 
vlasyk2017: bets $0.15
enixblr: calls $0.15
*** TURN *** [Jd Ts Qh] [Kh]
enixblr: checks 
vlasyk2017: bets $0.44
enixblr: calls $0.44
*** RIVER *** [Jd Ts Qh Kh] [Kc]
enixblr: bets $1.15
vlasyk2017: calls $1.15
*** SHOW DOWN ***
enixblr: shows [Jc Js] (a full house, Jacks full of Kings)
vlasyk2017: mucks hand 
enixblr collected $3.64 from pot
*** SUMMARY ***
Total pot $3.80 | Rake $0.16 
Board [Jd Ts Qh Kh Kc]
Seat 1: Manuelito180 (button) folded before Flop (didn't bet)
Seat 2: masonada213 (small blind) folded before Flop
Seat 4: enixblr (big blind) showed [Jc Js] and won ($3.64) with a full house, Jacks full of Kings
Seat 5: vlasyk2017 mucked [Qd Ad]
Seat 6: Dorex2007 folded before Flop (didn't bet)
Seat 7: MAF8 folded before Flop (didn't bet)
Seat 8: VilpPS folded before Flop (didn't bet)



PokerStars Hand #237649935783:  Hold'em No Limit ($0.02/$0.05 USD) - 2022/07/28 16:30:30 PT [2022/07/28 19:30:30 ET]
Table 'Carpenter' 9-max Seat #2 is the button
Seat 1: Manuelito180 ($4.41 in chips) 
Seat 2: masonada213 ($10.61 in chips) 
Seat 4: enixblr ($6.75 in chips) 
Seat 5: vlasyk2017 ($5 in chips) 
Seat 6: Dorex2007 ($5.70 in chips) 
Seat 7: MAF8 ($2.37 in chips) 
Seat 8: VilpPS ($15.87 in chips) 
enixblr: posts small blind $0.02
vlasyk2017: posts big blind $0.05
LittleDaniell: sits out 
*** HOLE CARDS ***
Dealt to Dorex2007 [Jh 8d]
Dorex2007: folds 
MAF8: raises $0.10 to $0.15
VilpPS: folds 
Manuelito180: folds 
masonada213: folds 
enixblr: folds 
vlasyk2017: calls $0.10
*** FLOP *** [4c 8s 3d]
vlasyk2017: checks 
MAF8: bets $0.16
vlasyk2017: calls $0.16
*** TURN *** [4c 8s 3d] [9s]
vlasyk2017: checks 
MAF8: bets $0.31
vlasyk2017: folds 
Uncalled bet ($0.31) returned to MAF8
MAF8 collected $0.61 from pot
MAF8: doesn't show hand 
*** SUMMARY ***
Total pot $0.64 | Rake $0.03 
Board [4c 8s 3d 9s]
Seat 1: Manuelito180 folded before Flop (didn't bet)
Seat 2: masonada213 (button) folded before Flop (didn't bet)
Seat 4: enixblr (small blind) folded before Flop
Seat 5: vlasyk2017 (big blind) folded on the Turn
Seat 6: Dorex2007 folded before Flop (didn't bet)
Seat 7: MAF8 collected ($0.61)
Seat 8: VilpPS folded before Flop (didn't bet)



PokerStars Hand #237649944157:  Hold'em No Limit ($0.02/$0.05 USD) - 2022/07/28 16:31:01 PT [2022/07/28 19:31:01 ET]
Table 'Carpenter' 9-max Seat #4 is the button
Seat 1: Manuelito180 ($4.41 in chips) 
Seat 2: masonada213 ($10.61 in chips) 
Seat 4: enixblr ($6.73 in chips) 
Seat 5: vlasyk2017 ($5 in chips) 
Seat 6: Dorex2007 ($5.70 in chips) 
Seat 7: MAF8 ($2.67 in chips) 
Seat 8: VilpPS ($15.87 in chips) 
Seat 9: LittleDaniell ($5 in chips) 
vlasyk2017: posts small blind $0.02
Dorex2007: posts big blind $0.05
LittleDaniell: posts big blind $0.05
*** HOLE CARDS ***
Dealt to Dorex2007 [7c 7s]
MAF8: calls $0.05
VilpPS: folds 
LittleDaniell: raises $0.25 to $0.30
Manuelito180: folds 
masonada213: folds 
enixblr: folds 
vlasyk2017: folds 
Dorex2007: folds 
MAF8: folds 
Uncalled bet ($0.25) returned to LittleDaniell
LittleDaniell collected $0.17 from pot
*** SUMMARY ***
Total pot $0.17 | Rake $0 
Seat 1: Manuelito180 folded before Flop (didn't bet)
Seat 2: masonada213 folded before Flop (didn't bet)
Seat 4: enixblr (button) folded before Flop (didn't bet)
Seat 5: vlasyk2017 (small blind) folded before Flop
Seat 6: Dorex2007 (big blind) folded before Flop
Seat 7: MAF8 folded before Flop
Seat 8: VilpPS folded before Flop (didn't bet)
Seat 9: LittleDaniell collected ($0.17)



PokerStars Hand #237649951694:  Hold'em No Limit ($0.02/$0.05 USD) - 2022/07/28 16:31:30 PT [2022/07/28 19:31:30 ET]
Table 'Carpenter' 9-max Seat #5 is the button
Seat 1: Manuelito180 ($4.41 in chips) 
Seat 2: masonada213 ($10.61 in chips) 
Seat 4: enixblr ($6.73 in chips) 
Seat 5: vlasyk2017 ($5 in chips) 
Seat 6: Dorex2007 ($5.65 in chips) 
Seat 7: MAF8 ($2.62 in chips) 
Seat 8: VilpPS ($15.87 in chips) 
Seat 9: LittleDaniell ($5.12 in chips) 
Dorex2007: posts small blind $0.02
MAF8: posts big blind $0.05
*** HOLE CARDS ***
Dealt to Dorex2007 [6s 5c]
VilpPS: folds 
LittleDaniell: raises $0.15 to $0.20
Manuelito180: folds 
masonada213: folds 
enixblr: folds 
vlasyk2017: folds 
Dorex2007: folds 
MAF8: calls $0.15
*** FLOP *** [Ac 3c 2s]
MAF8: bets $0.20
LittleDaniell: calls $0.20
*** TURN *** [Ac 3c 2s] [2h]
MAF8: checks 
LittleDaniell: bets $0.40
MAF8: calls $0.40
*** RIVER *** [Ac 3c 2s 2h] [5h]
MAF8: checks 
LittleDaniell: checks 
*** SHOW DOWN ***
MAF8: shows [Ad Js] (two pair, Aces and Deuces)
LittleDaniell: mucks hand 
MAF8 collected $1.55 from pot
*** SUMMARY ***
Total pot $1.62 | Rake $0.07 
Board [Ac 3c 2s 2h 5h]
Seat 1: Manuelito180 folded before Flop (didn't bet)
Seat 2: masonada213 folded before Flop (didn't bet)
Seat 4: enixblr folded before Flop (didn't bet)
Seat 5: vlasyk2017 (button) folded before Flop (didn't bet)
Seat 6: Dorex2007 (small blind) folded before Flop
Seat 7: MAF8 (big blind) showed [Ad Js] and won ($1.55) with two pair, Aces and Deuces
Seat 8: VilpPS folded before Flop (didn't bet)
Seat 9: LittleDaniell mucked [6h Ah]



PokerStars Hand #237649970537:  Hold'em No Limit ($0.02/$0.05 USD) - 2022/07/28 16:32:40 PT [2022/07/28 19:32:40 ET]
Table 'Carpenter' 9-max Seat #6 is the button
Seat 1: Manuelito180 ($4.41 in chips) 
Seat 2: masonada213 ($10.61 in chips) 
Seat 4: enixblr ($6.73 in chips) 
Seat 5: vlasyk2017 ($5 in chips) 
Seat 6: Dorex2007 ($5.63 in chips) 
Seat 7: MAF8 ($3.37 in chips) 
Seat 8: VilpPS ($15.87 in chips) 
Seat 9: LittleDaniell ($4.32 in chips) 
MAF8: posts small blind $0.02
VilpPS: posts big blind $0.05
*** HOLE CARDS ***
Dealt to Dorex2007 [Jc Js]
LittleDaniell: raises $0.05 to $0.10
Manuelito180: folds 
masonada213: folds 
enixblr: folds 
vlasyk2017: folds 
Dorex2007: raises $0.40 to $0.50
MAF8: folds 
VilpPS: folds 
LittleDaniell: folds 
Uncalled bet ($0.40) returned to Dorex2007
Dorex2007 collected $0.27 from pot
Dorex2007: doesn't show hand 
*** SUMMARY ***
Total pot $0.27 | Rake $0 
Seat 1: Manuelito180 folded before Flop (didn't bet)
Seat 2: masonada213 folded before Flop (didn't bet)
Seat 4: enixblr folded before Flop (didn't bet)
Seat 5: vlasyk2017 folded before Flop (didn't bet)
Seat 6: Dorex2007 (button) collected ($0.27)
Seat 7: MAF8 (small blind) folded before Flop
Seat 8: VilpPS (big blind) folded before Flop
Seat 9: LittleDaniell folded before Flop



PokerStars Hand #237649977438:  Hold'em No Limit ($0.02/$0.05 USD) - 2022/07/28 16:33:06 PT [2022/07/28 19:33:06 ET]
Table 'Carpenter' 9-max Seat #7 is the button
Seat 1: Manuelito180 ($4.41 in chips) 
Seat 4: enixblr ($6.73 in chips) 
Seat 5: vlasyk2017 ($5 in chips) 
Seat 6: Dorex2007 ($5.80 in chips) 
Seat 7: MAF8 ($3.35 in chips) 
Seat 8: VilpPS ($15.82 in chips) 
Seat 9: LittleDaniell ($4.22 in chips) 
VilpPS: posts small blind $0.02
LittleDaniell: posts big blind $0.05
*** HOLE CARDS ***
Dealt to Dorex2007 [7s 7c]
Manuelito180: folds 
enixblr: folds 
vlasyk2017: folds 
Dorex2007: raises $0.10 to $0.15
MAF8: folds 
VilpPS: folds 
LittleDaniell: raises $0.30 to $0.45
Dorex2007: folds 
Uncalled bet ($0.30) returned to LittleDaniell
LittleDaniell collected $0.32 from pot
*** SUMMARY ***
Total pot $0.32 | Rake $0 
Seat 1: Manuelito180 folded before Flop (didn't bet)
Seat 4: enixblr folded before Flop (didn't bet)
Seat 5: vlasyk2017 folded before Flop (didn't bet)
Seat 6: Dorex2007 folded before Flop
Seat 7: MAF8 (button) folded before Flop (didn't bet)
Seat 8: VilpPS (small blind) folded before Flop
Seat 9: LittleDaniell (big blind) collected ($0.32)



PokerStars Hand #237649984872:  Hold'em No Limit ($0.02/$0.05 USD) - 2022/07/28 16:33:32 PT [2022/07/28 19:33:32 ET]
Table 'Carpenter' 9-max Seat #8 is the button
Seat 1: Manuelito180 ($4.41 in chips) 
Seat 4: enixblr ($6.73 in chips) 
Seat 5: vlasyk2017 ($5 in chips) 
Seat 6: Dorex2007 ($5.65 in chips) 
Seat 7: MAF8 ($3.35 in chips) 
Seat 8: VilpPS ($15.80 in chips) 
Seat 9: LittleDaniell ($4.39 in chips) 
LittleDaniell: posts small blind $0.02
Manuelito180: posts big blind $0.05
*** HOLE CARDS ***
Dealt to Dorex2007 [6s 7s]
enixblr: folds 
vlasyk2017: folds 
Dorex2007: folds 
MAF8: folds 
VilpPS: raises $0.08 to $0.13
LittleDaniell: folds 
Manuelito180: calls $0.08
*** FLOP *** [3s 7h Ad]
Manuelito180: checks 
VilpPS: bets $0.20
Manuelito180: folds 
Uncalled bet ($0.20) returned to VilpPS
VilpPS collected $0.27 from pot
VilpPS: doesn't show hand 
*** SUMMARY ***
Total pot $0.28 | Rake $0.01 
Board [3s 7h Ad]
Seat 1: Manuelito180 (big blind) folded on the Flop
Seat 4: enixblr folded before Flop (didn't bet)
Seat 5: vlasyk2017 folded before Flop (didn't bet)
Seat 6: Dorex2007 folded before Flop (didn't bet)
Seat 7: MAF8 folded before Flop (didn't bet)
Seat 8: VilpPS (button) collected ($0.27)
Seat 9: LittleDaniell (small blind) folded before Flop



PokerStars Hand #237649994508:  Hold'em No Limit ($0.02/$0.05 USD) - 2022/07/28 16:34:08 PT [2022/07/28 19:34:08 ET]
Table 'Carpenter' 9-max Seat #9 is the button
Seat 1: Manuelito180 ($4.28 in chips) 
Seat 4: enixblr ($6.73 in chips) 
Seat 5: vlasyk2017 ($5 in chips) 
Seat 6: Dorex2007 ($5.65 in chips) 
Seat 7: MAF8 ($3.35 in chips) 
Seat 8: VilpPS ($15.94 in chips) 
Seat 9: LittleDaniell ($4.37 in chips) 
Manuelito180: posts small blind $0.02
enixblr: posts big blind $0.05
*** HOLE CARDS ***
Dealt to Dorex2007 [6c 6h]
vlasyk2017: raises $0.10 to $0.15
Dorex2007: folds 
MAF8: folds 
VilpPS: calls $0.15
LittleDaniell: folds 
Manuelito180: folds 
enixblr: folds 
*** FLOP *** [Jh 2h 3c]
vlasyk2017: bets $0.17
VilpPS: calls $0.17
*** TURN *** [Jh 2h 3c] [5c]
vlasyk2017: bets $0.51
VilpPS: calls $0.51
*** RIVER *** [Jh 2h 3c 5c] [9d]
vlasyk2017: bets $0.56
VilpPS: calls $0.56
*** SHOW DOWN ***
vlasyk2017: shows [Jc Qc] (a pair of Jacks)
VilpPS: shows [Ad Js] (a pair of Jacks - Ace kicker)
VilpPS collected $2.73 from pot
*** SUMMARY ***
Total pot $2.85 | Rake $0.12 
Board [Jh 2h 3c 5c 9d]
Seat 1: Manuelito180 (small blind) folded before Flop
Seat 4: enixblr (big blind) folded before Flop
Seat 5: vlasyk2017 showed [Jc Qc] and lost with a pair of Jacks
Seat 6: Dorex2007 folded before Flop (didn't bet)
Seat 7: MAF8 folded before Flop (didn't bet)
Seat 8: VilpPS showed [Ad Js] and won ($2.73) with a pair of Jacks
Seat 9: LittleDaniell (button) folded before Flop (didn't bet)



PokerStars Hand #237650018818:  Hold'em No Limit ($0.02/$0.05 USD) - 2022/07/28 16:35:23 PT [2022/07/28 19:35:23 ET]
Table 'Carpenter' 9-max Seat #1 is the button
Seat 1: Manuelito180 ($4.26 in chips) 
Seat 4: enixblr ($6.68 in chips) 
Seat 5: vlasyk2017 ($5 in chips) 
Seat 6: Dorex2007 ($5.65 in chips) 
Seat 7: MAF8 ($3.35 in chips) 
Seat 8: VilpPS ($17.28 in chips) 
Seat 9: LittleDaniell ($4.37 in chips) 
enixblr: posts small blind $0.02
vlasyk2017: posts big blind $0.05
*** HOLE CARDS ***
Dealt to Dorex2007 [Js Ks]
Dorex2007: calls $0.05
MAF8: folds 
VilpPS: folds 
LittleDaniell has timed out
LittleDaniell: folds 
Manuelito180: folds 
enixblr: folds 
vlasyk2017: checks 
*** FLOP *** [Kd 4d 3d]
vlasyk2017: checks 
Dorex2007: bets $0.12
vlasyk2017: folds 
Uncalled bet ($0.12) returned to Dorex2007
Dorex2007 collected $0.12 from pot
Dorex2007: doesn't show hand 
*** SUMMARY ***
Total pot $0.12 | Rake $0 
Board [Kd 4d 3d]
Seat 1: Manuelito180 (button) folded before Flop (didn't bet)
Seat 4: enixblr (small blind) folded before Flop
Seat 5: vlasyk2017 (big blind) folded on the Flop
Seat 6: Dorex2007 collected ($0.12)
Seat 7: MAF8 folded before Flop (didn't bet)
Seat 8: VilpPS folded before Flop (didn't bet)
Seat 9: LittleDaniell folded before Flop (didn't bet)



PokerStars Hand #237650027534:  Hold'em No Limit ($0.02/$0.05 USD) - 2022/07/28 16:35:56 PT [2022/07/28 19:35:56 ET]
Table 'Carpenter' 9-max Seat #4 is the button
Seat 1: Manuelito180 ($4.26 in chips) 
Seat 4: enixblr ($6.66 in chips) 
Seat 5: vlasyk2017 ($5 in chips) 
Seat 6: Dorex2007 ($5.72 in chips) 
Seat 7: MAF8 ($3.35 in chips) 
Seat 8: VilpPS ($17.28 in chips) 
vlasyk2017: posts small blind $0.02
Dorex2007: posts big blind $0.05
malliosK: sits out 
*** HOLE CARDS ***
Dealt to Dorex2007 [8d 2c]
MAF8: folds 
VilpPS: folds 
Manuelito180: raises $0.10 to $0.15
enixblr: folds 
vlasyk2017: raises $0.40 to $0.55
Dorex2007: folds 
Manuelito180: folds 
Uncalled bet ($0.40) returned to vlasyk2017
vlasyk2017 collected $0.35 from pot
*** SUMMARY ***
Total pot $0.35 | Rake $0 
Seat 1: Manuelito180 folded before Flop
Seat 4: enixblr (button) folded before Flop (didn't bet)
Seat 5: vlasyk2017 (small blind) collected ($0.35)
Seat 6: Dorex2007 (big blind) folded before Flop
Seat 7: MAF8 folded before Flop (didn't bet)
Seat 8: VilpPS folded before Flop (didn't bet)



PokerStars Hand #237650033172:  Hold'em No Limit ($0.02/$0.05 USD) - 2022/07/28 16:36:17 PT [2022/07/28 19:36:17 ET]
Table 'Carpenter' 9-max Seat #5 is the button
Seat 1: Manuelito180 ($4.11 in chips) 
Seat 4: enixblr ($6.66 in chips) 
Seat 5: vlasyk2017 ($5.20 in chips) 
Seat 6: Dorex2007 ($5.67 in chips) 
Seat 7: MAF8 ($3.35 in chips) 
Seat 8: VilpPS ($17.28 in chips) 
Seat 9: LittleDaniell ($4.37 in chips) 
Dorex2007: posts small blind $0.02
MAF8: posts big blind $0.05
malliosK: sits out 
*** HOLE CARDS ***
Dealt to Dorex2007 [Kc 4h]
VilpPS: folds 
LittleDaniell: folds 
Manuelito180: raises $0.10 to $0.15
enixblr: folds 
vlasyk2017: folds 
Dorex2007: folds 
MAF8: folds 
Uncalled bet ($0.10) returned to Manuelito180
Manuelito180 collected $0.12 from pot
Manuelito180: doesn't show hand 
*** SUMMARY ***
Total pot $0.12 | Rake $0 
Seat 1: Manuelito180 collected ($0.12)
Seat 4: enixblr folded before Flop (didn't bet)
Seat 5: vlasyk2017 (button) folded before Flop (didn't bet)
Seat 6: Dorex2007 (small blind) folded before Flop
Seat 7: MAF8 (big blind) folded before Flop
Seat 8: VilpPS folded before Flop (didn't bet)
Seat 9: LittleDaniell folded before Flop (didn't bet)



PokerStars Hand #237650039065:  Hold'em No Limit ($0.02/$0.05 USD) - 2022/07/28 16:36:39 PT [2022/07/28 19:36:39 ET]
Table 'Carpenter' 9-max Seat #6 is the button
Seat 1: Manuelito180 ($4.18 in chips) 
Seat 4: enixblr ($6.66 in chips) 
Seat 5: vlasyk2017 ($5.20 in chips) 
Seat 6: Dorex2007 ($5.65 in chips) 
Seat 7: MAF8 ($3.30 in chips) 
Seat 8: VilpPS ($17.28 in chips) 
Seat 9: LittleDaniell ($4.37 in chips) 
MAF8: posts small blind $0.02
VilpPS: posts big blind $0.05
malliosK: sits out 
*** HOLE CARDS ***
Dealt to Dorex2007 [2s 8s]
LittleDaniell: folds 
Manuelito180: folds 
enixblr: raises $0.07 to $0.12
vlasyk2017: calls $0.12
Dorex2007: folds 
MAF8: calls $0.10
VilpPS: calls $0.07
*** FLOP *** [7h Jd Qc]
MAF8: checks 
VilpPS: checks 
enixblr: checks 
vlasyk2017: bets $0.16
MAF8: folds 
VilpPS: folds 
enixblr: calls $0.16
*** TURN *** [7h Jd Qc] [8d]
enixblr: checks 
vlasyk2017: bets $0.45
enixblr: raises $1.25 to $1.70
vlasyk2017: folds 
Uncalled bet ($1.25) returned to enixblr
enixblr collected $1.63 from pot
*** SUMMARY ***
Total pot $1.70 | Rake $0.07 
Board [7h Jd Qc 8d]
Seat 1: Manuelito180 folded before Flop (didn't bet)
Seat 4: enixblr collected ($1.63)
Seat 5: vlasyk2017 folded on the Turn
Seat 6: Dorex2007 (button) folded before Flop (didn't bet)
Seat 7: MAF8 (small blind) folded on the Flop
Seat 8: VilpPS (big blind) folded on the Flop
Seat 9: LittleDaniell folded before Flop (didn't bet)



PokerStars Hand #237650061075:  Hold'em No Limit ($0.02/$0.05 USD) - 2022/07/28 16:38:03 PT [2022/07/28 19:38:03 ET]
Table 'Carpenter' 9-max Seat #7 is the button
Seat 1: Manuelito180 ($4.18 in chips) 
Seat 3: malliosK ($5.11 in chips) 
Seat 4: enixblr ($7.56 in chips) 
Seat 5: vlasyk2017 ($5 in chips) 
Seat 6: Dorex2007 ($5.65 in chips) 
Seat 7: MAF8 ($3.18 in chips) 
Seat 8: VilpPS ($17.16 in chips) 
Seat 9: LittleDaniell ($4.37 in chips) 
VilpPS: posts small blind $0.02
LittleDaniell: posts big blind $0.05
malliosK: posts small & big blinds $0.07
*** HOLE CARDS ***
Dealt to Dorex2007 [7c 2s]
Manuelito180: folds 
malliosK: checks 
enixblr: folds 
vlasyk2017: folds 
Dorex2007: folds 
MAF8: folds 
VilpPS: folds 
LittleDaniell: checks 
*** FLOP *** [3d Qc 8d]
LittleDaniell: bets $0.05
malliosK: calls $0.05
*** TURN *** [3d Qc 8d] [Kh]
LittleDaniell: checks 
malliosK: bets $0.15
LittleDaniell: folds 
Uncalled bet ($0.15) returned to malliosK
malliosK collected $0.23 from pot
malliosK: doesn't show hand 
*** SUMMARY ***
Total pot $0.24 | Rake $0.01 
Board [3d Qc 8d Kh]
Seat 1: Manuelito180 folded before Flop (didn't bet)
Seat 3: malliosK collected ($0.23)
Seat 4: enixblr folded before Flop (didn't bet)
Seat 5: vlasyk2017 folded before Flop (didn't bet)
Seat 6: Dorex2007 folded before Flop (didn't bet)
Seat 7: MAF8 (button) folded before Flop (didn't bet)
Seat 8: VilpPS (small blind) folded before Flop
Seat 9: LittleDaniell (big blind) folded on the Turn



PokerStars Hand #237650081013:  Hold'em No Limit ($0.02/$0.05 USD) - 2022/07/28 16:39:19 PT [2022/07/28 19:39:19 ET]
Table 'Carpenter' 9-max Seat #8 is the button
Seat 1: Manuelito180 ($4.18 in chips) 
Seat 3: malliosK ($5.22 in chips) 
Seat 4: enixblr ($7.56 in chips) 
Seat 5: vlasyk2017 ($5 in chips) 
Seat 6: Dorex2007 ($5.65 in chips) 
Seat 7: MAF8 ($3.18 in chips) 
Seat 8: VilpPS ($17.14 in chips) 
Seat 9: LittleDaniell ($4.27 in chips) 
LittleDaniell: posts small blind $0.02
Manuelito180: posts big blind $0.05
*** HOLE CARDS ***
Dealt to Dorex2007 [Td 7s]
malliosK: folds 
enixblr: folds 
vlasyk2017: folds 
Dorex2007: folds 
MAF8: folds 
VilpPS: raises $0.08 to $0.13
LittleDaniell: folds 
Manuelito180: calls $0.08
*** FLOP *** [As Th Ts]
Manuelito180: checks 
VilpPS: bets $0.20
Manuelito180: folds 
Uncalled bet ($0.20) returned to VilpPS
VilpPS collected $0.27 from pot
VilpPS: doesn't show hand 
*** SUMMARY ***
Total pot $0.28 | Rake $0.01 
Board [As Th Ts]
Seat 1: Manuelito180 (big blind) folded on the Flop
Seat 3: malliosK folded before Flop (didn't bet)
Seat 4: enixblr folded before Flop (didn't bet)
Seat 5: vlasyk2017 folded before Flop (didn't bet)
Seat 6: Dorex2007 folded before Flop (didn't bet)
Seat 7: MAF8 folded before Flop (didn't bet)
Seat 8: VilpPS (button) collected ($0.27)
Seat 9: LittleDaniell (small blind) folded before Flop



PokerStars Hand #237650089070:  Hold'em No Limit ($0.02/$0.05 USD) - 2022/07/28 16:39:49 PT [2022/07/28 19:39:49 ET]
Table 'Carpenter' 9-max Seat #9 is the button
Seat 1: Manuelito180 ($4.05 in chips) 
Seat 3: malliosK ($5.22 in chips) 
Seat 4: enixblr ($7.56 in chips) 
Seat 5: vlasyk2017 ($5 in chips) 
Seat 6: Dorex2007 ($5.65 in chips) 
Seat 7: MAF8 ($3.18 in chips) 
Seat 8: VilpPS ($17.28 in chips) 
Seat 9: LittleDaniell ($4.25 in chips) 
Manuelito180: posts small blind $0.02
malliosK: posts big blind $0.05
*** HOLE CARDS ***
Dealt to Dorex2007 [9s Ad]
enixblr: folds 
vlasyk2017: folds 
Dorex2007: folds 
MAF8: folds 
VilpPS: folds 
LittleDaniell: raises $0.11 to $0.16
Manuelito180: folds 
malliosK: folds 
Uncalled bet ($0.11) returned to LittleDaniell
LittleDaniell collected $0.12 from pot
*** SUMMARY ***
Total pot $0.12 | Rake $0 
Seat 1: Manuelito180 (small blind) folded before Flop
Seat 3: malliosK (big blind) folded before Flop
Seat 4: enixblr folded before Flop (didn't bet)
Seat 5: vlasyk2017 folded before Flop (didn't bet)
Seat 6: Dorex2007 folded before Flop (didn't bet)
Seat 7: MAF8 folded before Flop (didn't bet)
Seat 8: VilpPS folded before Flop (didn't bet)
Seat 9: LittleDaniell (button) collected ($0.12)



PokerStars Hand #237650095836:  Hold'em No Limit ($0.02/$0.05 USD) - 2022/07/28 16:40:15 PT [2022/07/28 19:40:15 ET]
Table 'Carpenter' 9-max Seat #1 is the button
Seat 1: Manuelito180 ($4.03 in chips) 
Seat 3: malliosK ($5.17 in chips) 
Seat 4: enixblr ($7.56 in chips) 
Seat 5: vlasyk2017 ($5 in chips) 
Seat 6: Dorex2007 ($5.65 in chips) 
Seat 7: MAF8 ($3.18 in chips) 
Seat 8: VilpPS ($17.28 in chips) 
Seat 9: LittleDaniell ($4.32 in chips) 
malliosK: posts small blind $0.02
enixblr: posts big blind $0.05
*** HOLE CARDS ***
Dealt to Dorex2007 [8h Qd]
vlasyk2017: folds 
Dorex2007: folds 
MAF8: folds 
VilpPS: folds 
LittleDaniell: folds 
Manuelito180: folds 
malliosK has timed out
malliosK: folds 
Uncalled bet ($0.03) returned to enixblr
enixblr collected $0.04 from pot
enixblr: doesn't show hand 
*** SUMMARY ***
Total pot $0.04 | Rake $0 
Seat 1: Manuelito180 (button) folded before Flop (didn't bet)
Seat 3: malliosK (small blind) folded before Flop
Seat 4: enixblr (big blind) collected ($0.04)
Seat 5: vlasyk2017 folded before Flop (didn't bet)
Seat 6: Dorex2007 folded before Flop (didn't bet)
Seat 7: MAF8 folded before Flop (didn't bet)
Seat 8: VilpPS folded before Flop (didn't bet)
Seat 9: LittleDaniell folded before Flop (didn't bet)



PokerStars Hand #237650104570:  Hold'em No Limit ($0.02/$0.05 USD) - 2022/07/28 16:40:49 PT [2022/07/28 19:40:49 ET]
Table 'Carpenter' 9-max Seat #4 is the button
Seat 1: Manuelito180 ($4.03 in chips) 
Seat 4: enixblr ($7.58 in chips) 
Seat 5: vlasyk2017 ($5 in chips) 
Seat 6: Dorex2007 ($5.65 in chips) 
Seat 7: MAF8 ($3.18 in chips) 
Seat 8: VilpPS ($17.28 in chips) 
Seat 9: LittleDaniell ($4.32 in chips) 
vlasyk2017: posts small blind $0.02
Dorex2007: posts big blind $0.05
*** HOLE CARDS ***
Dealt to Dorex2007 [4s Jd]
MAF8: folds 
VilpPS: folds 
LittleDaniell: raises $0.11 to $0.16
Manuelito180: calls $0.16
enixblr: folds 
vlasyk2017: folds 
Dorex2007: folds 
*** FLOP *** [9d Jh 3h]
LittleDaniell: bets $0.13
Manuelito180: calls $0.13
*** TURN *** [9d Jh 3h] [4c]
LittleDaniell: bets $0.25
Manuelito180: calls $0.25
*** RIVER *** [9d Jh 3h 4c] [8h]
LittleDaniell: checks 
Manuelito180: bets $1.10
LittleDaniell: folds 
Uncalled bet ($1.10) returned to Manuelito180
Manuelito180 collected $1.10 from pot
Manuelito180: doesn't show hand 
*** SUMMARY ***
Total pot $1.15 | Rake $0.05 
Board [9d Jh 3h 4c 8h]
Seat 1: Manuelito180 collected ($1.10)
Seat 4: enixblr (button) folded before Flop (didn't bet)
Seat 5: vlasyk2017 (small blind) folded before Flop
Seat 6: Dorex2007 (big blind) folded before Flop
Seat 7: MAF8 folded before Flop (didn't bet)
Seat 8: VilpPS folded before Flop (didn't bet)
Seat 9: LittleDaniell folded on the River



PokerStars Hand #237650127335:  Hold'em No Limit ($0.02/$0.05 USD) - 2022/07/28 16:41:51 PT [2022/07/28 19:41:51 ET]
Table 'Carpenter' 9-max Seat #5 is the button
Seat 1: Manuelito180 ($4.59 in chips) 
Seat 4: enixblr ($7.58 in chips) 
Seat 5: vlasyk2017 ($5 in chips) 
Seat 6: Dorex2007 ($5.60 in chips) 
Seat 7: MAF8 ($3.18 in chips) 
Seat 8: VilpPS ($17.28 in chips) 
Seat 9: LittleDaniell ($3.78 in chips) 
Dorex2007: posts small blind $0.02
MAF8: posts big blind $0.05
*** HOLE CARDS ***
Dealt to Dorex2007 [Jd 9s]
VilpPS: folds 
LittleDaniell: folds 
Manuelito180: raises $0.10 to $0.15
enixblr: folds 
vlasyk2017: folds 
Dorex2007: folds 
MAF8: folds 
Uncalled bet ($0.10) returned to Manuelito180
Manuelito180 collected $0.12 from pot
Manuelito180: doesn't show hand 
*** SUMMARY ***
Total pot $0.12 | Rake $0 
Seat 1: Manuelito180 collected ($0.12)
Seat 4: enixblr folded before Flop (didn't bet)
Seat 5: vlasyk2017 (button) folded before Flop (didn't bet)
Seat 6: Dorex2007 (small blind) folded before Flop
Seat 7: MAF8 (big blind) folded before Flop
Seat 8: VilpPS folded before Flop (didn't bet)
Seat 9: LittleDaniell folded before Flop (didn't bet)



PokerStars Hand #237650139781:  Hold'em No Limit ($0.02/$0.05 USD) - 2022/07/28 16:42:39 PT [2022/07/28 19:42:39 ET]
Table 'Carpenter' 9-max Seat #6 is the button
Seat 1: Manuelito180 ($4.66 in chips) 
Seat 3: malliosK ($5.15 in chips) 
Seat 4: enixblr ($7.58 in chips) 
Seat 5: vlasyk2017 ($5 in chips) 
Seat 6: Dorex2007 ($5.58 in chips) 
Seat 7: MAF8 ($3.13 in chips) 
Seat 8: VilpPS ($17.28 in chips) 
Seat 9: LittleDaniell ($3.78 in chips) 
MAF8: posts small blind $0.02
VilpPS: posts big blind $0.05
*** HOLE CARDS ***
Dealt to Dorex2007 [3c Qs]
LittleDaniell: folds 
Manuelito180: folds 
malliosK: folds 
enixblr: raises $0.07 to $0.12
vlasyk2017: raises $0.38 to $0.50
Dorex2007: folds 
MAF8: folds 
VilpPS: folds 
enixblr: folds 
Uncalled bet ($0.38) returned to vlasyk2017
vlasyk2017 collected $0.31 from pot
*** SUMMARY ***
Total pot $0.31 | Rake $0 
Seat 1: Manuelito180 folded before Flop (didn't bet)
Seat 3: malliosK folded before Flop (didn't bet)
Seat 4: enixblr folded before Flop
Seat 5: vlasyk2017 collected ($0.31)
Seat 6: Dorex2007 (button) folded before Flop (didn't bet)
Seat 7: MAF8 (small blind) folded before Flop
Seat 8: VilpPS (big blind) folded before Flop
Seat 9: LittleDaniell folded before Flop (didn't bet)



PokerStars Hand #237650148834:  Hold'em No Limit ($0.02/$0.05 USD) - 2022/07/28 16:43:14 PT [2022/07/28 19:43:14 ET]
Table 'Carpenter' 9-max Seat #7 is the button
Seat 1: Manuelito180 ($4.66 in chips) 
Seat 3: malliosK ($5.15 in chips) 
Seat 4: enixblr ($7.46 in chips) 
Seat 5: vlasyk2017 ($5.19 in chips) 
Seat 6: Dorex2007 ($5.58 in chips) 
Seat 7: MAF8 ($3.11 in chips) 
Seat 8: VilpPS ($17.23 in chips) 
Seat 9: LittleDaniell ($3.78 in chips) 
VilpPS: posts small blind $0.02
LittleDaniell: posts big blind $0.05
*** HOLE CARDS ***
Dealt to Dorex2007 [7h Ad]
Manuelito180: folds 
malliosK: raises $0.06 to $0.11
enixblr: folds 
vlasyk2017: calls $0.11
Dorex2007: folds 
MAF8: folds 
VilpPS: folds 
LittleDaniell: calls $0.06
*** FLOP *** [Jc 4d 3h]
LittleDaniell: checks 
malliosK: checks 
vlasyk2017: checks 
*** TURN *** [Jc 4d 3h] [5d]
LittleDaniell: bets $0.15
malliosK: folds 
vlasyk2017: folds 
Uncalled bet ($0.15) returned to LittleDaniell
LittleDaniell collected $0.34 from pot
*** SUMMARY ***
Total pot $0.35 | Rake $0.01 
Board [Jc 4d 3h 5d]
Seat 1: Manuelito180 folded before Flop (didn't bet)
Seat 3: malliosK folded on the Turn
Seat 4: enixblr folded before Flop (didn't bet)
Seat 5: vlasyk2017 folded on the Turn
Seat 6: Dorex2007 folded before Flop (didn't bet)
Seat 7: MAF8 (button) folded before Flop (didn't bet)
Seat 8: VilpPS (small blind) folded before Flop
Seat 9: LittleDaniell (big blind) collected ($0.34)



PokerStars Hand #237650160498:  Hold'em No Limit ($0.02/$0.05 USD) - 2022/07/28 16:43:59 PT [2022/07/28 19:43:59 ET]
Table 'Carpenter' 9-max Seat #8 is the button
Seat 1: Manuelito180 ($4.66 in chips) 
Seat 3: malliosK ($5.04 in chips) 
Seat 4: enixblr ($7.46 in chips) 
Seat 5: vlasyk2017 ($5.08 in chips) 
Seat 6: Dorex2007 ($5.58 in chips) 
Seat 7: MAF8 ($3.11 in chips) 
Seat 8: VilpPS ($17.21 in chips) 
Seat 9: LittleDaniell ($4.01 in chips) 
LittleDaniell: posts small blind $0.02
Manuelito180: posts big blind $0.05
*** HOLE CARDS ***
Dealt to Dorex2007 [Tc 5h]
malliosK: folds 
enixblr: folds 
vlasyk2017: folds 
Dorex2007: folds 
MAF8: folds 
VilpPS: folds 
LittleDaniell: raises $0.09 to $0.14
Manuelito180: calls $0.09
*** FLOP *** [7s As 4d]
LittleDaniell: bets $0.10
Manuelito180: calls $0.10
*** TURN *** [7s As 4d] [Jh]
LittleDaniell: bets $0.28
Manuelito180: folds 
Uncalled bet ($0.28) returned to LittleDaniell
LittleDaniell collected $0.46 from pot
*** SUMMARY ***
Total pot $0.48 | Rake $0.02 
Board [7s As 4d Jh]
Seat 1: Manuelito180 (big blind) folded on the Turn
Seat 3: malliosK folded before Flop (didn't bet)
Seat 4: enixblr folded before Flop (didn't bet)
Seat 5: vlasyk2017 folded before Flop (didn't bet)
Seat 6: Dorex2007 folded before Flop (didn't bet)
Seat 7: MAF8 folded before Flop (didn't bet)
Seat 8: VilpPS (button) folded before Flop (didn't bet)
Seat 9: LittleDaniell (small blind) collected ($0.46)



PokerStars Hand #237650174722:  Hold'em No Limit ($0.02/$0.05 USD) - 2022/07/28 16:44:32 PT [2022/07/28 19:44:32 ET]
Table 'Carpenter' 9-max Seat #9 is the button
Seat 1: Manuelito180 ($4.42 in chips) 
Seat 3: malliosK ($5.04 in chips) 
Seat 4: enixblr ($7.46 in chips) 
Seat 5: vlasyk2017 ($5.08 in chips) 
Seat 6: Dorex2007 ($5.58 in chips) 
Seat 7: MAF8 ($3.11 in chips) 
Seat 8: VilpPS ($17.21 in chips) 
Seat 9: LittleDaniell ($4.23 in chips) 
Manuelito180: posts small blind $0.02
malliosK: posts big blind $0.05
*** HOLE CARDS ***
Dealt to Dorex2007 [2s 6h]
enixblr: folds 
vlasyk2017: folds 
Dorex2007: folds 
MAF8: raises $0.10 to $0.15
VilpPS: folds 
LittleDaniell: folds 
Manuelito180: folds 
malliosK: calls $0.10
*** FLOP *** [Qh 8d 3s]
malliosK: checks 
MAF8: checks 
*** TURN *** [Qh 8d 3s] [Ts]
malliosK: bets $0.21
MAF8: folds 
Uncalled bet ($0.21) returned to malliosK
malliosK collected $0.31 from pot
malliosK: doesn't show hand 
*** SUMMARY ***
Total pot $0.32 | Rake $0.01 
Board [Qh 8d 3s Ts]
Seat 1: Manuelito180 (small blind) folded before Flop
Seat 3: malliosK (big blind) collected ($0.31)
Seat 4: enixblr folded before Flop (didn't bet)
Seat 5: vlasyk2017 folded before Flop (didn't bet)
Seat 6: Dorex2007 folded before Flop (didn't bet)
Seat 7: MAF8 folded on the Turn
Seat 8: VilpPS folded before Flop (didn't bet)
Seat 9: LittleDaniell (button) folded before Flop (didn't bet)



PokerStars Hand #237650184691:  Hold'em No Limit ($0.02/$0.05 USD) - 2022/07/28 16:45:10 PT [2022/07/28 19:45:10 ET]
Table 'Carpenter' 9-max Seat #1 is the button
Seat 1: Manuelito180 ($4.40 in chips) 
Seat 4: enixblr ($7.46 in chips) 
Seat 5: vlasyk2017 ($5.08 in chips) 
Seat 6: Dorex2007 ($5.58 in chips) 
Seat 7: MAF8 ($2.96 in chips) 
Seat 8: VilpPS ($17.21 in chips) 
Seat 9: LittleDaniell ($4.23 in chips) 
enixblr: posts small blind $0.02
vlasyk2017: posts big blind $0.05
*** HOLE CARDS ***
Dealt to Dorex2007 [Ts 6c]
Dorex2007: folds 
MAF8: folds 
VilpPS: folds 
LittleDaniell: folds 
Manuelito180: folds 
enixblr: folds 
Uncalled bet ($0.03) returned to vlasyk2017
vlasyk2017 collected $0.04 from pot
*** SUMMARY ***
Total pot $0.04 | Rake $0 
Seat 1: Manuelito180 (button) folded before Flop (didn't bet)
Seat 4: enixblr (small blind) folded before Flop
Seat 5: vlasyk2017 (big blind) collected ($0.04)
Seat 6: Dorex2007 folded before Flop (didn't bet)
Seat 7: MAF8 folded before Flop (didn't bet)
Seat 8: VilpPS folded before Flop (didn't bet)
Seat 9: LittleDaniell folded before Flop (didn't bet)



PokerStars Hand #237650189029:  Hold'em No Limit ($0.02/$0.05 USD) - 2022/07/28 16:45:27 PT [2022/07/28 19:45:27 ET]
Table 'Carpenter' 9-max Seat #4 is the button
Seat 1: Manuelito180 ($4.40 in chips) 
Seat 4: enixblr ($7.44 in chips) 
Seat 5: vlasyk2017 ($5.10 in chips) 
Seat 6: Dorex2007 ($5.58 in chips) 
Seat 7: MAF8 ($2.96 in chips) 
Seat 8: VilpPS ($17.21 in chips) 
Seat 9: LittleDaniell ($4.23 in chips) 
vlasyk2017: posts small blind $0.02
Dorex2007: posts big blind $0.05
*** HOLE CARDS ***
Dealt to Dorex2007 [Td Ad]
MAF8: folds 
VilpPS: raises $0.08 to $0.13
LittleDaniell: folds 
Manuelito180: folds 
enixblr: folds 
vlasyk2017: folds 
Dorex2007: calls $0.08
*** FLOP *** [3s 9d 3h]
Dorex2007: checks 
VilpPS: bets $0.13
Dorex2007: folds 
Uncalled bet ($0.13) returned to VilpPS
VilpPS collected $0.27 from pot
VilpPS: doesn't show hand 
*** SUMMARY ***
Total pot $0.28 | Rake $0.01 
Board [3s 9d 3h]
Seat 1: Manuelito180 folded before Flop (didn't bet)
Seat 4: enixblr (button) folded before Flop (didn't bet)
Seat 5: vlasyk2017 (small blind) folded before Flop
Seat 6: Dorex2007 (big blind) folded on the Flop
Seat 7: MAF8 folded before Flop (didn't bet)
Seat 8: VilpPS collected ($0.27)
Seat 9: LittleDaniell folded before Flop (didn't bet)



PokerStars Hand #237650197680:  Hold'em No Limit ($0.02/$0.05 USD) - 2022/07/28 16:46:00 PT [2022/07/28 19:46:00 ET]
Table 'Carpenter' 9-max Seat #5 is the button
Seat 1: Manuelito180 ($4.40 in chips) 
Seat 4: enixblr ($7.44 in chips) 
Seat 5: vlasyk2017 ($5.08 in chips) 
Seat 6: Dorex2007 ($5.45 in chips) 
Seat 7: MAF8 ($2.96 in chips) 
Seat 8: VilpPS ($17.35 in chips) 
Seat 9: LittleDaniell ($4.23 in chips) 
Dorex2007: posts small blind $0.02
MAF8: posts big blind $0.05
*** HOLE CARDS ***
Dealt to Dorex2007 [Jc Qd]
VilpPS: folds 
LittleDaniell: raises $0.20 to $0.25
Manuelito180: folds 
enixblr: folds 
vlasyk2017: folds 
Dorex2007: folds 
MAF8: folds 
Uncalled bet ($0.20) returned to LittleDaniell
LittleDaniell collected $0.12 from pot
*** SUMMARY ***
Total pot $0.12 | Rake $0 
Seat 1: Manuelito180 folded before Flop (didn't bet)
Seat 4: enixblr folded before Flop (didn't bet)
Seat 5: vlasyk2017 (button) folded before Flop (didn't bet)
Seat 6: Dorex2007 (small blind) folded before Flop
Seat 7: MAF8 (big blind) folded before Flop
Seat 8: VilpPS folded before Flop (didn't bet)
Seat 9: LittleDaniell collected ($0.12)



PokerStars Hand #237650203494:  Hold'em No Limit ($0.02/$0.05 USD) - 2022/07/28 16:46:23 PT [2022/07/28 19:46:23 ET]
Table 'Carpenter' 9-max Seat #6 is the button
Seat 1: Manuelito180 ($4.40 in chips) 
Seat 4: enixblr ($7.44 in chips) 
Seat 5: vlasyk2017 ($5.08 in chips) 
Seat 6: Dorex2007 ($5.43 in chips) 
Seat 7: MAF8 ($2.91 in chips) 
Seat 8: VilpPS ($17.35 in chips) 
Seat 9: LittleDaniell ($4.30 in chips) 
MAF8: posts small blind $0.02
VilpPS: posts big blind $0.05
*** HOLE CARDS ***
Dealt to Dorex2007 [7h Ah]
LittleDaniell: folds 
Manuelito180: folds 
enixblr: folds 
vlasyk2017: folds 
Dorex2007: raises $0.10 to $0.15
MAF8: calls $0.13
VilpPS: calls $0.10
*** FLOP *** [Th 3h 2h]
MAF8: checks 
VilpPS: checks 
Dorex2007: bets $0.21
MAF8: folds 
VilpPS: folds 
Uncalled bet ($0.21) returned to Dorex2007
Dorex2007 collected $0.43 from pot
Dorex2007: doesn't show hand 
*** SUMMARY ***
Total pot $0.45 | Rake $0.02 
Board [Th 3h 2h]
Seat 1: Manuelito180 folded before Flop (didn't bet)
Seat 4: enixblr folded before Flop (didn't bet)
Seat 5: vlasyk2017 folded before Flop (didn't bet)
Seat 6: Dorex2007 (button) collected ($0.43)
Seat 7: MAF8 (small blind) folded on the Flop
Seat 8: VilpPS (big blind) folded on the Flop
Seat 9: LittleDaniell folded before Flop (didn't bet)



PokerStars Hand #237650217294:  Hold'em No Limit ($0.02/$0.05 USD) - 2022/07/28 16:47:17 PT [2022/07/28 19:47:17 ET]
Table 'Carpenter' 9-max Seat #7 is the button
Seat 1: Manuelito180 ($4.40 in chips) 
Seat 4: enixblr ($7.44 in chips) 
Seat 5: vlasyk2017 ($5.08 in chips) 
Seat 6: Dorex2007 ($5.71 in chips) 
Seat 7: MAF8 ($2.76 in chips) 
Seat 8: VilpPS ($17.20 in chips) 
Seat 9: LittleDaniell ($4.30 in chips) 
VilpPS: posts small blind $0.02
LittleDaniell: posts big blind $0.05
*** HOLE CARDS ***
Dealt to Dorex2007 [4d Ts]
Manuelito180: folds 
enixblr: folds 
vlasyk2017: folds 
Dorex2007: folds 
MAF8: folds 
VilpPS: folds 
Uncalled bet ($0.03) returned to LittleDaniell
LittleDaniell collected $0.04 from pot
*** SUMMARY ***
Total pot $0.04 | Rake $0 
Seat 1: Manuelito180 folded before Flop (didn't bet)
Seat 4: enixblr folded before Flop (didn't bet)
Seat 5: vlasyk2017 folded before Flop (didn't bet)
Seat 6: Dorex2007 folded before Flop (didn't bet)
Seat 7: MAF8 (button) folded before Flop (didn't bet)
Seat 8: VilpPS (small blind) folded before Flop
Seat 9: LittleDaniell (big blind) collected ($0.04)



PokerStars Hand #237650222413:  Hold'em No Limit ($0.02/$0.05 USD) - 2022/07/28 16:47:37 PT [2022/07/28 19:47:37 ET]
Table 'Carpenter' 9-max Seat #8 is the button
Seat 1: Manuelito180 ($4.40 in chips) 
Seat 3: malliosK ($5.20 in chips) 
Seat 4: enixblr ($7.44 in chips) 
Seat 5: vlasyk2017 ($5.08 in chips) 
Seat 6: Dorex2007 ($5.71 in chips) 
Seat 7: MAF8 ($2.76 in chips) 
Seat 8: VilpPS ($17.18 in chips) 
Seat 9: LittleDaniell ($4.32 in chips) 
LittleDaniell: posts small blind $0.02
Manuelito180: posts big blind $0.05
malliosK: posts small blind $0.02
*** HOLE CARDS ***
Dealt to Dorex2007 [As Ts]
malliosK: calls $0.05
enixblr: folds 
vlasyk2017: folds 
Dorex2007: calls $0.05
MAF8: calls $0.05
VilpPS: folds 
LittleDaniell: folds 
Manuelito180: checks 
*** FLOP *** [3h 6c 5c]
Manuelito180: checks 
malliosK: bets $0.15
Dorex2007: folds 
MAF8: folds 
Manuelito180: calls $0.15
*** TURN *** [3h 6c 5c] [4s]
Manuelito180: checks 
malliosK: checks 
*** RIVER *** [3h 6c 5c 4s] [8h]
Manuelito180: bets $0.52
malliosK: folds 
Uncalled bet ($0.52) returned to Manuelito180
Manuelito180 collected $0.52 from pot
Manuelito180: doesn't show hand 
*** SUMMARY ***
Total pot $0.54 | Rake $0.02 
Board [3h 6c 5c 4s 8h]
Seat 1: Manuelito180 (big blind) collected ($0.52)
Seat 3: malliosK folded on the River
Seat 4: enixblr folded before Flop (didn't bet)
Seat 5: vlasyk2017 folded before Flop (didn't bet)
Seat 6: Dorex2007 folded on the Flop
Seat 7: MAF8 folded on the Flop
Seat 8: VilpPS (button) folded before Flop (didn't bet)
Seat 9: LittleDaniell (small blind) folded before Flop



PokerStars Hand #237650237665:  Hold'em No Limit ($0.02/$0.05 USD) - 2022/07/28 16:48:37 PT [2022/07/28 19:48:37 ET]
Table 'Carpenter' 9-max Seat #9 is the button
Seat 1: Manuelito180 ($4.72 in chips) 
Seat 3: malliosK ($4.98 in chips) 
Seat 5: vlasyk2017 ($5.08 in chips) 
Seat 6: Dorex2007 ($5.66 in chips) 
Seat 7: MAF8 ($2.71 in chips) 
Seat 8: VilpPS ($17.18 in chips) 
Seat 9: LittleDaniell ($4.30 in chips) 
Manuelito180: posts small blind $0.02
malliosK: posts big blind $0.05
*** HOLE CARDS ***
Dealt to Dorex2007 [6s 2d]
vlasyk2017: folds 
Dorex2007: folds 
MAF8: folds 
VilpPS: folds 
LittleDaniell: raises $0.11 to $0.16
Manuelito180: folds 
malliosK: calls $0.11
*** FLOP *** [4h 5d 7h]
malliosK: bets $0.10
LittleDaniell: calls $0.10
*** TURN *** [4h 5d 7h] [9c]
malliosK: checks 
LittleDaniell: checks 
*** RIVER *** [4h 5d 7h 9c] [4d]
malliosK: checks 
LittleDaniell: checks 
*** SHOW DOWN ***
malliosK: shows [Td Qs] (a pair of Fours)
LittleDaniell: shows [Ad 5s] (two pair, Fives and Fours)
LittleDaniell collected $0.52 from pot
masonada213 leaves the table
*** SUMMARY ***
Total pot $0.54 | Rake $0.02 
Board [4h 5d 7h 9c 4d]
Seat 1: Manuelito180 (small blind) folded before Flop
Seat 3: malliosK (big blind) showed [Td Qs] and lost with a pair of Fours
Seat 5: vlasyk2017 folded before Flop (didn't bet)
Seat 6: Dorex2007 folded before Flop (didn't bet)
Seat 7: MAF8 folded before Flop (didn't bet)
Seat 8: VilpPS folded before Flop (didn't bet)
Seat 9: LittleDaniell (button) showed [Ad 5s] and won ($0.52) with two pair, Fives and Fours



PokerStars Hand #237650247724:  Hold'em No Limit ($0.02/$0.05 USD) - 2022/07/28 16:49:15 PT [2022/07/28 19:49:15 ET]
Table 'Carpenter' 9-max Seat #1 is the button
Seat 1: Manuelito180 ($4.70 in chips) 
Seat 3: malliosK ($4.72 in chips) 
Seat 5: vlasyk2017 ($5.08 in chips) 
Seat 6: Dorex2007 ($5.66 in chips) 
Seat 7: MAF8 ($2.71 in chips) 
Seat 8: VilpPS ($17.18 in chips) 
Seat 9: LittleDaniell ($4.56 in chips) 
malliosK: posts small blind $0.02
vlasyk2017: posts big blind $0.05
*** HOLE CARDS ***
Dealt to Dorex2007 [Qc 9c]
Dorex2007: folds 
MAF8: folds 
VilpPS: folds 
LittleDaniell has timed out
LittleDaniell: folds 
Manuelito180: raises $0.10 to $0.15
malliosK: calls $0.13
vlasyk2017: calls $0.10
*** FLOP *** [5c Ad 4d]
malliosK: checks 
vlasyk2017: checks 
Manuelito180: bets $0.21
malliosK: folds 
vlasyk2017: calls $0.21
*** TURN *** [5c Ad 4d] [6h]
vlasyk2017: checks 
Manuelito180: bets $0.41
vlasyk2017: calls $0.41
*** RIVER *** [5c Ad 4d 6h] [2h]
vlasyk2017: checks 
Manuelito180: checks 
*** SHOW DOWN ***
vlasyk2017: shows [8c Ah] (a pair of Aces)
Manuelito180: mucks hand 
vlasyk2017 collected $1.62 from pot
*** SUMMARY ***
Total pot $1.69 | Rake $0.07 
Board [5c Ad 4d 6h 2h]
Seat 1: Manuelito180 (button) mucked [9d Th]
Seat 3: malliosK (small blind) folded on the Flop
Seat 5: vlasyk2017 (big blind) showed [8c Ah] and won ($1.62) with a pair of Aces
Seat 6: Dorex2007 folded before Flop (didn't bet)
Seat 7: MAF8 folded before Flop (didn't bet)
Seat 8: VilpPS folded before Flop (didn't bet)
Seat 9: LittleDaniell folded before Flop (didn't bet)



PokerStars Hand #237650262686:  Hold'em No Limit ($0.02/$0.05 USD) - 2022/07/28 16:50:13 PT [2022/07/28 19:50:13 ET]
Table 'Carpenter' 9-max Seat #3 is the button
Seat 1: Manuelito180 ($3.93 in chips) 
Seat 3: malliosK ($4.57 in chips) 
Seat 5: vlasyk2017 ($5.93 in chips) 
Seat 6: Dorex2007 ($5.66 in chips) 
Seat 7: MAF8 ($2.71 in chips) 
Seat 8: VilpPS ($17.18 in chips) 
Seat 9: LittleDaniell ($4.56 in chips) 
vlasyk2017: posts small blind $0.02
Dorex2007: posts big blind $0.05
*** HOLE CARDS ***
Dealt to Dorex2007 [7c 5c]
MAF8: folds 
VilpPS: folds 
LittleDaniell: folds 
Manuelito180: raises $0.10 to $0.15
malliosK: raises $0.20 to $0.35
vlasyk2017: folds 
mullski326 joins the table at seat #2 
Dorex2007: folds 
Manuelito180: calls $0.20
*** FLOP *** [2c 9d Ac]
Manuelito180: bets $0.74
malliosK: raises $1.04 to $1.78
Manuelito180: raises $1.80 to $3.58 and is all-in
malliosK: calls $1.80
*** TURN *** [2c 9d Ac] [6c]
*** RIVER *** [2c 9d Ac 6c] [8s]
*** SHOW DOWN ***
Manuelito180: shows [Ad 9h] (two pair, Aces and Nines)
malliosK: shows [Th Tc] (a pair of Tens)
Manuelito180 collected $7.60 from pot
*** SUMMARY ***
Total pot $7.93 | Rake $0.33 
Board [2c 9d Ac 6c 8s]
Seat 1: Manuelito180 showed [Ad 9h] and won ($7.60) with two pair, Aces and Nines
Seat 3: malliosK (button) showed [Th Tc] and lost with a pair of Tens
Seat 5: vlasyk2017 (small blind) folded before Flop
Seat 6: Dorex2007 (big blind) folded before Flop
Seat 7: MAF8 folded before Flop (didn't bet)
Seat 8: VilpPS folded before Flop (didn't bet)
Seat 9: LittleDaniell folded before Flop (didn't bet)



PokerStars Hand #237650278319:  Hold'em No Limit ($0.02/$0.05 USD) - 2022/07/28 16:51:16 PT [2022/07/28 19:51:16 ET]
Table 'Carpenter' 9-max Seat #5 is the button
Seat 1: Manuelito180 ($7.60 in chips) 
Seat 2: mullski326 ($4 in chips) 
Seat 3: malliosK ($0.64 in chips) 
Seat 5: vlasyk2017 ($5.91 in chips) 
Seat 6: Dorex2007 ($5.61 in chips) 
Seat 7: MAF8 ($2.71 in chips) 
Seat 8: VilpPS ($17.18 in chips) 
Seat 9: LittleDaniell ($4.56 in chips) 
Dorex2007: posts small blind $0.02
MAF8: posts big blind $0.05
mullski326: posts big blind $0.05
*** HOLE CARDS ***
Dealt to Dorex2007 [Kh 6d]
VilpPS: folds 
LittleDaniell: folds 
Manuelito180: folds 
mullski326: checks 
malliosK: folds 
vlasyk2017: folds 
Dorex2007: folds 
MAF8: checks 
*** FLOP *** [7c 9c Jd]
MAF8: checks 
mullski326: checks 
*** TURN *** [7c 9c Jd] [2d]
MAF8: checks 
mullski326: checks 
*** RIVER *** [7c 9c Jd 2d] [6c]
MAF8: checks 
mullski326: checks 
*** SHOW DOWN ***
MAF8: shows [6h 3h] (a pair of Sixes)
mullski326: mucks hand 
MAF8 collected $0.12 from pot
*** SUMMARY ***
Total pot $0.12 | Rake $0 
Board [7c 9c Jd 2d 6c]
Seat 1: Manuelito180 folded before Flop (didn't bet)
Seat 2: mullski326 mucked [Kc 5h]
Seat 3: malliosK folded before Flop (didn't bet)
Seat 5: vlasyk2017 (button) folded before Flop (didn't bet)
Seat 6: Dorex2007 (small blind) folded before Flop
Seat 7: MAF8 (big blind) showed [6h 3h] and won ($0.12) with a pair of Sixes
Seat 8: VilpPS folded before Flop (didn't bet)
Seat 9: LittleDaniell folded before Flop (didn't bet)



PokerStars Hand #237650288453:  Hold'em No Limit ($0.02/$0.05 USD) - 2022/07/28 16:51:55 PT [2022/07/28 19:51:55 ET]
Table 'Carpenter' 9-max Seat #6 is the button
Seat 1: Manuelito180 ($7.60 in chips) 
Seat 2: mullski326 ($3.95 in chips) 
Seat 3: malliosK ($4.72 in chips) 
Seat 5: vlasyk2017 ($5.91 in chips) 
Seat 6: Dorex2007 ($5.59 in chips) 
Seat 7: MAF8 ($2.78 in chips) 
Seat 8: VilpPS ($17.18 in chips) 
Seat 9: LittleDaniell ($4.56 in chips) 
MAF8: posts small blind $0.02
VilpPS: posts big blind $0.05
*** HOLE CARDS ***
Dealt to Dorex2007 [Jd 5s]
LittleDaniell: folds 
Manuelito180: folds 
mullski326: folds 
malliosK: raises $0.11 to $0.16
vlasyk2017: folds 
Dorex2007: folds 
MAF8: folds 
VilpPS: folds 
Uncalled bet ($0.11) returned to malliosK
malliosK collected $0.12 from pot
malliosK: doesn't show hand 
*** SUMMARY ***
Total pot $0.12 | Rake $0 
Seat 1: Manuelito180 folded before Flop (didn't bet)
Seat 2: mullski326 folded before Flop (didn't bet)
Seat 3: malliosK collected ($0.12)
Seat 5: vlasyk2017 folded before Flop (didn't bet)
Seat 6: Dorex2007 (button) folded before Flop (didn't bet)
Seat 7: MAF8 (small blind) folded before Flop
Seat 8: VilpPS (big blind) folded before Flop
Seat 9: LittleDaniell folded before Flop (didn't bet)



PokerStars Hand #237650293960:  Hold'em No Limit ($0.02/$0.05 USD) - 2022/07/28 16:52:17 PT [2022/07/28 19:52:17 ET]
Table 'Carpenter' 9-max Seat #7 is the button
Seat 1: Manuelito180 ($7.60 in chips) 
Seat 2: mullski326 ($3.95 in chips) 
Seat 3: malliosK ($4.79 in chips) 
Seat 5: vlasyk2017 ($5.91 in chips) 
Seat 6: Dorex2007 ($5.59 in chips) 
Seat 7: MAF8 ($2.76 in chips) 
Seat 8: VilpPS ($17.13 in chips) 
Seat 9: LittleDaniell ($4.56 in chips) 
VilpPS: posts small blind $0.02
LittleDaniell: posts big blind $0.05
*** HOLE CARDS ***
Dealt to Dorex2007 [Qh Qs]
Manuelito180: folds 
mullski326: folds 
malliosK: folds 
vlasyk2017: folds 
Dorex2007: raises $0.20 to $0.25
MAF8: folds 
VilpPS: folds 
LittleDaniell: folds 
Uncalled bet ($0.20) returned to Dorex2007
VilpPS leaves the table
Dorex2007 collected $0.12 from pot
Dorex2007: doesn't show hand 
*** SUMMARY ***
Total pot $0.12 | Rake $0 
Seat 1: Manuelito180 folded before Flop (didn't bet)
Seat 2: mullski326 folded before Flop (didn't bet)
Seat 3: malliosK folded before Flop (didn't bet)
Seat 5: vlasyk2017 folded before Flop (didn't bet)
Seat 6: Dorex2007 collected ($0.12)
Seat 7: MAF8 (button) folded before Flop (didn't bet)
Seat 8: VilpPS (small blind) folded before Flop
Seat 9: LittleDaniell (big blind) folded before Flop



PokerStars Hand #237650299863:  Hold'em No Limit ($0.02/$0.05 USD) - 2022/07/28 16:52:40 PT [2022/07/28 19:52:40 ET]
Table 'Carpenter' 9-max Seat #9 is the button
Seat 1: Manuelito180 ($7.60 in chips) 
Seat 2: mullski326 ($3.95 in chips) 
Seat 3: malliosK ($4.79 in chips) 
Seat 5: vlasyk2017 ($5.91 in chips) 
Seat 6: Dorex2007 ($5.66 in chips) 
Seat 7: MAF8 ($2.76 in chips) 
Seat 9: LittleDaniell ($4.51 in chips) 
Manuelito180: posts small blind $0.02
mullski326: posts big blind $0.05
*** HOLE CARDS ***
Dealt to Dorex2007 [7h 6c]
malliosK: folds 
vlasyk2017: folds 
Dorex2007: folds 
MAF8: folds 
LittleDaniell: raises $0.11 to $0.16
Manuelito180: calls $0.14
mullski326: folds 
*** FLOP *** [8h Qh 7s]
Manuelito180: checks 
LittleDaniell: bets $0.14
Manuelito180: calls $0.14
*** TURN *** [8h Qh 7s] [9s]
Manuelito180: checks 
LittleDaniell: bets $0.25
Manuelito180: raises $1.12 to $1.37
jackhighX joins the table at seat #8 
LittleDaniell: calls $1.12
*** RIVER *** [8h Qh 7s 9s] [7d]
Manuelito180: bets $3.25
LittleDaniell: folds 
Uncalled bet ($3.25) returned to Manuelito180
Manuelito180 collected $3.25 from pot
Manuelito180: doesn't show hand 
*** SUMMARY ***
Total pot $3.39 | Rake $0.14 
Board [8h Qh 7s 9s 7d]
Seat 1: Manuelito180 (small blind) collected ($3.25)
Seat 2: mullski326 (big blind) folded before Flop
Seat 3: malliosK folded before Flop (didn't bet)
Seat 5: vlasyk2017 folded before Flop (didn't bet)
Seat 6: Dorex2007 folded before Flop (didn't bet)
Seat 7: MAF8 folded before Flop (didn't bet)
Seat 9: LittleDaniell (button) folded on the River



PokerStars Hand #237650324712:  Hold'em No Limit ($0.02/$0.05 USD) - 2022/07/28 16:54:18 PT [2022/07/28 19:54:18 ET]
Table 'Carpenter' 9-max Seat #1 is the button
Seat 1: Manuelito180 ($9.18 in chips) 
Seat 2: mullski326 ($3.90 in chips) 
Seat 3: malliosK ($4.79 in chips) 
Seat 5: vlasyk2017 ($5.91 in chips) 
Seat 6: Dorex2007 ($5.66 in chips) 
Seat 7: MAF8 ($2.76 in chips) 
Seat 8: jackhighX ($5 in chips) 
Seat 9: LittleDaniell ($2.84 in chips) 
mullski326: posts small blind $0.02
malliosK: posts big blind $0.05
jackhighX: posts big blind $0.05
*** HOLE CARDS ***
Dealt to Dorex2007 [Qh 5c]
vlasyk2017: folds 
Dorex2007: folds 
MAF8: folds 
jackhighX: checks 
LittleDaniell: raises $0.11 to $0.16
Manuelito180: folds 
mullski326: folds 
malliosK: calls $0.11
jackhighX: folds 
*** FLOP *** [4c Ts 6s]
malliosK: checks 
LittleDaniell: bets $0.25
malliosK: calls $0.25
*** TURN *** [4c Ts 6s] [2s]
malliosK: bets $0.57
LittleDaniell: raises $0.98 to $1.55
malliosK: calls $0.98
*** RIVER *** [4c Ts 6s 2s] [7h]
malliosK: checks 
LittleDaniell: bets $0.88 and is all-in
malliosK: calls $0.88
*** SHOW DOWN ***
LittleDaniell: shows [9s 7s] (a flush, Ten high)
malliosK: shows [Th Td] (three of a kind, Tens)
LittleDaniell collected $5.51 from pot
*** SUMMARY ***
Total pot $5.75 | Rake $0.24 
Board [4c Ts 6s 2s 7h]
Seat 1: Manuelito180 (button) folded before Flop (didn't bet)
Seat 2: mullski326 (small blind) folded before Flop
Seat 3: malliosK (big blind) showed [Th Td] and lost with three of a kind, Tens
Seat 5: vlasyk2017 folded before Flop (didn't bet)
Seat 6: Dorex2007 folded before Flop (didn't bet)
Seat 7: MAF8 folded before Flop (didn't bet)
Seat 8: jackhighX folded before Flop (didn't bet)
Seat 9: LittleDaniell showed [9s 7s] and won ($5.51) with a flush, Ten high



PokerStars Hand #237650340444:  Hold'em No Limit ($0.02/$0.05 USD) - 2022/07/28 16:55:22 PT [2022/07/28 19:55:22 ET]
Table 'Carpenter' 9-max Seat #2 is the button
Seat 1: Manuelito180 ($9.18 in chips) 
Seat 2: mullski326 ($3.88 in chips) 
Seat 3: malliosK ($1.95 in chips) 
Seat 5: vlasyk2017 ($5.91 in chips) 
Seat 6: Dorex2007 ($5.66 in chips) 
Seat 7: MAF8 ($2.76 in chips) 
Seat 8: jackhighX ($4.95 in chips) 
Seat 9: LittleDaniell ($5.51 in chips) 
malliosK: posts small blind $0.02
vlasyk2017: posts big blind $0.05
*** HOLE CARDS ***
Dealt to Dorex2007 [2h 9h]
Dorex2007: folds 
MAF8: folds 
jackhighX: folds 
LittleDaniell: folds 
Manuelito180: folds 
mullski326: folds 
malliosK: raises $0.06 to $0.11
vlasyk2017: folds 
Uncalled bet ($0.06) returned to malliosK
malliosK collected $0.10 from pot
malliosK: doesn't show hand 
*** SUMMARY ***
Total pot $0.10 | Rake $0 
Seat 1: Manuelito180 folded before Flop (didn't bet)
Seat 2: mullski326 (button) folded before Flop (didn't bet)
Seat 3: malliosK (small blind) collected ($0.10)
Seat 5: vlasyk2017 (big blind) folded before Flop
Seat 6: Dorex2007 folded before Flop (didn't bet)
Seat 7: MAF8 folded before Flop (didn't bet)
Seat 8: jackhighX folded before Flop (didn't bet)
Seat 9: LittleDaniell folded before Flop (didn't bet)



PokerStars Hand #237650343683:  Hold'em No Limit ($0.02/$0.05 USD) - 2022/07/28 16:55:37 PT [2022/07/28 19:55:37 ET]
Table 'Carpenter' 9-max Seat #3 is the button
Seat 1: Manuelito180 ($9.18 in chips) 
Seat 2: mullski326 ($3.88 in chips) 
Seat 3: malliosK ($2 in chips) 
Seat 5: vlasyk2017 ($5.86 in chips) 
Seat 6: Dorex2007 ($5.66 in chips) 
Seat 7: MAF8 ($2.76 in chips) 
Seat 8: jackhighX ($4.95 in chips) 
Seat 9: LittleDaniell ($5.51 in chips) 
vlasyk2017: posts small blind $0.02
Dorex2007: posts big blind $0.05
*** HOLE CARDS ***
Dealt to Dorex2007 [9h 4d]
MAF8: folds 
jackhighX: raises $0.10 to $0.15
LittleDaniell: folds 
Manuelito180: folds 
mullski326: folds 
malliosK: calls $0.15
vlasyk2017: folds 
Dorex2007: folds 
*** FLOP *** [5s 3s Tc]
jackhighX: bets $0.17
malliosK: raises $0.38 to $0.55
jackhighX: folds 
Uncalled bet ($0.38) returned to malliosK
malliosK collected $0.68 from pot
malliosK: doesn't show hand 
*** SUMMARY ***
Total pot $0.71 | Rake $0.03 
Board [5s 3s Tc]
Seat 1: Manuelito180 folded before Flop (didn't bet)
Seat 2: mullski326 folded before Flop (didn't bet)
Seat 3: malliosK (button) collected ($0.68)
Seat 5: vlasyk2017 (small blind) folded before Flop
Seat 6: Dorex2007 (big blind) folded before Flop
Seat 7: MAF8 folded before Flop (didn't bet)
Seat 8: jackhighX folded on the Flop
Seat 9: LittleDaniell folded before Flop (didn't bet)



PokerStars Hand #237650353274:  Hold'em No Limit ($0.02/$0.05 USD) - 2022/07/28 16:56:22 PT [2022/07/28 19:56:22 ET]
Table 'Carpenter' 9-max Seat #5 is the button
Seat 1: Manuelito180 ($9.18 in chips) 
Seat 2: mullski326 ($3.88 in chips) 
Seat 3: malliosK ($4.36 in chips) 
Seat 5: vlasyk2017 ($5.84 in chips) 
Seat 6: Dorex2007 ($5.61 in chips) 
Seat 7: MAF8 ($2.76 in chips) 
Seat 8: jackhighX ($4.63 in chips) 
Seat 9: LittleDaniell ($5.51 in chips) 
Dorex2007: posts small blind $0.02
MAF8: posts big blind $0.05
*** HOLE CARDS ***
Dealt to Dorex2007 [7s 8s]
jackhighX: folds 
LittleDaniell: folds 
Manuelito180: raises $0.10 to $0.15
mullski326: folds 
malliosK: folds 
vlasyk2017: folds 
Dorex2007: folds 
MAF8: folds 
Uncalled bet ($0.10) returned to Manuelito180
Manuelito180 collected $0.12 from pot
Manuelito180: doesn't show hand 
*** SUMMARY ***
Total pot $0.12 | Rake $0 
Seat 1: Manuelito180 collected ($0.12)
Seat 2: mullski326 folded before Flop (didn't bet)
Seat 3: malliosK folded before Flop (didn't bet)
Seat 5: vlasyk2017 (button) folded before Flop (didn't bet)
Seat 6: Dorex2007 (small blind) folded before Flop
Seat 7: MAF8 (big blind) folded before Flop
Seat 8: jackhighX folded before Flop (didn't bet)
Seat 9: LittleDaniell folded before Flop (didn't bet)



PokerStars Hand #237650356813:  Hold'em No Limit ($0.02/$0.05 USD) - 2022/07/28 16:56:39 PT [2022/07/28 19:56:39 ET]
Table 'Carpenter' 9-max Seat #6 is the button
Seat 1: Manuelito180 ($9.25 in chips) 
Seat 2: mullski326 ($3.88 in chips) 
Seat 3: malliosK ($4.36 in chips) 
Seat 5: vlasyk2017 ($5.84 in chips) 
Seat 6: Dorex2007 ($5.59 in chips) 
Seat 7: MAF8 ($2.71 in chips) 
Seat 8: jackhighX ($4.63 in chips) 
Seat 9: LittleDaniell ($5.51 in chips) 
MAF8: posts small blind $0.02
jackhighX: posts big blind $0.05
*** HOLE CARDS ***
Dealt to Dorex2007 [6s 5s]
LittleDaniell: folds 
Manuelito180: folds 
mullski326: folds 
malliosK: folds 
vlasyk2017: folds 
Dorex2007: folds 
MAF8: folds 
Uncalled bet ($0.03) returned to jackhighX
jackhighX collected $0.04 from pot
jackhighX: doesn't show hand 
*** SUMMARY ***
Total pot $0.04 | Rake $0 
Seat 1: Manuelito180 folded before Flop (didn't bet)
Seat 2: mullski326 folded before Flop (didn't bet)
Seat 3: malliosK folded before Flop (didn't bet)
Seat 5: vlasyk2017 folded before Flop (didn't bet)
Seat 6: Dorex2007 (button) folded before Flop (didn't bet)
Seat 7: MAF8 (small blind) folded before Flop
Seat 8: jackhighX (big blind) collected ($0.04)
Seat 9: LittleDaniell folded before Flop (didn't bet)



PokerStars Hand #237650363829:  Hold'em No Limit ($0.02/$0.05 USD) - 2022/07/28 16:57:03 PT [2022/07/28 19:57:03 ET]
Table 'Carpenter' 9-max Seat #7 is the button
Seat 1: Manuelito180 ($9.25 in chips) 
Seat 2: mullski326 ($3.88 in chips) 
Seat 3: malliosK ($4.36 in chips) 
Seat 5: vlasyk2017 ($5.84 in chips) 
Seat 6: Dorex2007 ($5.59 in chips) 
Seat 7: MAF8 ($2.69 in chips) 
Seat 8: jackhighX ($4.65 in chips) 
Seat 9: LittleDaniell ($5.51 in chips) 
jackhighX: posts small blind $0.02
LittleDaniell: posts big blind $0.05
*** HOLE CARDS ***
Dealt to Dorex2007 [Jh 7s]
Manuelito180: raises $0.05 to $0.10
mullski326: folds 
malliosK: calls $0.10
vlasyk2017: folds 
Dorex2007: folds 
MAF8: calls $0.10
jackhighX: folds 
LittleDaniell: folds 
*** FLOP *** [4d Ad 9h]
Manuelito180: checks 
malliosK: checks 
MAF8: bets $0.20
Manuelito180: calls $0.20
malliosK: folds 
*** TURN *** [4d Ad 9h] [Qs]
Manuelito180: checks 
MAF8: checks 
*** RIVER *** [4d Ad 9h Qs] [3h]
Manuelito180: bets $0.37
MAF8: calls $0.37
*** SHOW DOWN ***
Manuelito180: shows [4h 5h] (a pair of Fours)
MAF8: shows [Ah 6h] (a pair of Aces)
MAF8 collected $1.45 from pot
*** SUMMARY ***
Total pot $1.51 | Rake $0.06 
Board [4d Ad 9h Qs 3h]
Seat 1: Manuelito180 showed [4h 5h] and lost with a pair of Fours
Seat 2: mullski326 folded before Flop (didn't bet)
Seat 3: malliosK folded on the Flop
Seat 5: vlasyk2017 folded before Flop (didn't bet)
Seat 6: Dorex2007 folded before Flop (didn't bet)
Seat 7: MAF8 (button) showed [Ah 6h] and won ($1.45) with a pair of Aces
Seat 8: jackhighX (small blind) folded before Flop
Seat 9: LittleDaniell (big blind) folded before Flop



PokerStars Hand #237650383442:  Hold'em No Limit ($0.02/$0.05 USD) - 2022/07/28 16:58:35 PT [2022/07/28 19:58:35 ET]
Table 'Carpenter' 9-max Seat #8 is the button
Seat 1: Manuelito180 ($8.58 in chips) 
Seat 2: mullski326 ($3.88 in chips) 
Seat 3: malliosK ($4.26 in chips) 
Seat 5: vlasyk2017 ($5.84 in chips) 
Seat 6: Dorex2007 ($5.59 in chips) 
Seat 7: MAF8 ($3.47 in chips) 
Seat 8: jackhighX ($4.63 in chips) 
Seat 9: LittleDaniell ($5.46 in chips) 
LittleDaniell: posts small blind $0.02
Manuelito180: posts big blind $0.05
enixblr: sits out 
*** HOLE CARDS ***
Dealt to Dorex2007 [9d 9s]
mullski326: folds 
malliosK: folds 
vlasyk2017: folds 
Dorex2007: calls $0.05
MAF8: folds 
jackhighX: folds 
LittleDaniell: raises $0.11 to $0.16
Manuelito180: folds 
Dorex2007: calls $0.11
*** FLOP *** [3h 2d Td]
LittleDaniell: bets $0.15
Dorex2007: raises $0.30 to $0.45
LittleDaniell: calls $0.30
*** TURN *** [3h 2d Td] [Jd]
LittleDaniell: checks 
Dorex2007: bets $0.61
LittleDaniell: folds 
Uncalled bet ($0.61) returned to Dorex2007
Dorex2007 collected $1.22 from pot
Dorex2007: doesn't show hand 
*** SUMMARY ***
Total pot $1.27 | Rake $0.05 
Board [3h 2d Td Jd]
Seat 1: Manuelito180 (big blind) folded before Flop
Seat 2: mullski326 folded before Flop (didn't bet)
Seat 3: malliosK folded before Flop (didn't bet)
Seat 5: vlasyk2017 folded before Flop (didn't bet)
Seat 6: Dorex2007 collected ($1.22)
Seat 7: MAF8 folded before Flop (didn't bet)
Seat 8: jackhighX (button) folded before Flop (didn't bet)
Seat 9: LittleDaniell (small blind) folded on the Turn



PokerStars Hand #237650395402:  Hold'em No Limit ($0.02/$0.05 USD) - 2022/07/28 16:59:30 PT [2022/07/28 19:59:30 ET]
Table 'Carpenter' 9-max Seat #9 is the button
Seat 1: Manuelito180 ($8.53 in chips) 
Seat 2: mullski326 ($3.88 in chips) 
Seat 3: malliosK ($4.26 in chips) 
Seat 5: vlasyk2017 ($5.84 in chips) 
Seat 6: Dorex2007 ($6.20 in chips) 
Seat 7: MAF8 ($3.47 in chips) 
Seat 8: jackhighX ($4.63 in chips) 
Seat 9: LittleDaniell ($4.85 in chips) 
Manuelito180: posts small blind $0.02
mullski326: posts big blind $0.05
enixblr: sits out 
*** HOLE CARDS ***
Dealt to Dorex2007 [6c Ad]
malliosK: folds 
vlasyk2017: folds 
Dorex2007: folds 
MAF8: raises $0.10 to $0.15
jackhighX: folds 
LittleDaniell: folds 
Manuelito180: calls $0.13
mullski326: folds 
*** FLOP *** [8h Jc 7s]
Manuelito180: checks 
MAF8: checks 
*** TURN *** [8h Jc 7s] [9c]
Manuelito180: checks 
MAF8: bets $0.34
Manuelito180: raises $0.34 to $0.68
MAF8: raises $2.64 to $3.32 and is all-in
Manuelito180: calls $2.64
MAF8 has timed out
*** RIVER *** [8h Jc 7s 9c] [7c]
*** SHOW DOWN ***
Manuelito180: shows [Td Qd] (a straight, Eight to Queen)
MAF8: shows [Ks Ts] (a straight, Seven to Jack)
Manuelito180 collected $6.70 from pot
*** SUMMARY ***
Total pot $6.99 | Rake $0.29 
Board [8h Jc 7s 9c 7c]
Seat 1: Manuelito180 (small blind) showed [Td Qd] and won ($6.70) with a straight, Eight to Queen
Seat 2: mullski326 (big blind) folded before Flop
Seat 3: malliosK folded before Flop (didn't bet)
Seat 5: vlasyk2017 folded before Flop (didn't bet)
Seat 6: Dorex2007 folded before Flop (didn't bet)
Seat 7: MAF8 showed [Ks Ts] and lost with a straight, Seven to Jack
Seat 8: jackhighX folded before Flop (didn't bet)
Seat 9: LittleDaniell (button) folded before Flop (didn't bet)



PokerStars Hand #237650411100:  Hold'em No Limit ($0.02/$0.05 USD) - 2022/07/28 17:00:41 PT [2022/07/28 20:00:41 ET]
Table 'Carpenter' 9-max Seat #1 is the button
Seat 1: Manuelito180 ($11.76 in chips) 
Seat 2: mullski326 ($3.83 in chips) 
Seat 3: malliosK ($4.26 in chips) 
Seat 5: vlasyk2017 ($5.84 in chips) 
Seat 6: Dorex2007 ($6.20 in chips) 
Seat 8: jackhighX ($4.63 in chips) 
Seat 9: LittleDaniell ($4.85 in chips) 
mullski326: posts small blind $0.02
malliosK: posts big blind $0.05
enixblr: sits out 
*** HOLE CARDS ***
Dealt to Dorex2007 [Qs 8s]
vlasyk2017: raises $0.10 to $0.15
Dorex2007: folds 
jackhighX: folds 
LittleDaniell: folds 
Manuelito180: calls $0.15
mullski326: folds 
malliosK: folds 
*** FLOP *** [7c 9h Kc]
vlasyk2017: checks 
MAF8 leaves the table
Manuelito180: bets $0.17
vlasyk2017: calls $0.17
*** TURN *** [7c 9h Kc] [Th]
vlasyk2017: checks 
Manuelito180: bets $1
vel0c1rapt0r joins the table at seat #7 
vlasyk2017: calls $1
*** RIVER *** [7c 9h Kc Th] [2c]
vlasyk2017: bets $4.52 and is all-in
Manuelito180: folds 
Uncalled bet ($4.52) returned to vlasyk2017
vlasyk2017 collected $2.60 from pot
*** SUMMARY ***
Total pot $2.71 | Rake $0.11 
Board [7c 9h Kc Th 2c]
Seat 1: Manuelito180 (button) folded on the River
Seat 2: mullski326 (small blind) folded before Flop
Seat 3: malliosK (big blind) folded before Flop
Seat 5: vlasyk2017 collected ($2.60)
Seat 6: Dorex2007 folded before Flop (didn't bet)
Seat 8: jackhighX folded before Flop (didn't bet)
Seat 9: LittleDaniell folded before Flop (didn't bet)



PokerStars Hand #237650436122:  Hold'em No Limit ($0.02/$0.05 USD) - 2022/07/28 17:02:20 PT [2022/07/28 20:02:20 ET]
Table 'Carpenter' 9-max Seat #2 is the button
Seat 1: Manuelito180 ($10.44 in chips) 
Seat 2: mullski326 ($3.81 in chips) 
Seat 3: malliosK ($4.21 in chips) 
Seat 4: enixblr ($7.44 in chips) 
Seat 5: vlasyk2017 ($7.12 in chips) 
Seat 6: Dorex2007 ($6.20 in chips) 
Seat 7: vel0c1rapt0r ($5 in chips) 
Seat 8: jackhighX ($4.63 in chips) 
Seat 9: LittleDaniell ($4.85 in chips) 
malliosK: posts small blind $0.02
enixblr: posts big blind $0.05
vel0c1rapt0r: posts big blind $0.05
*** HOLE CARDS ***
Dealt to Dorex2007 [2c 3d]
vlasyk2017: folds 
Dorex2007: folds 
vel0c1rapt0r: checks 
jackhighX: folds 
LittleDaniell: folds 
Manuelito180: folds 
mullski326: calls $0.05
malliosK: calls $0.03
enixblr: checks 
*** FLOP *** [6h 2s 9h]
malliosK: checks 
enixblr: checks 
vel0c1rapt0r: bets $0.05
mullski326: calls $0.05
malliosK: calls $0.05
enixblr: folds 
*** TURN *** [6h 2s 9h] [5d]
malliosK: checks 
vel0c1rapt0r: bets $0.15
mullski326: folds 
malliosK: calls $0.15
*** RIVER *** [6h 2s 9h 5d] [Kh]
malliosK: checks 
vel0c1rapt0r: bets $0.31
malliosK: folds 
Uncalled bet ($0.31) returned to vel0c1rapt0r
vel0c1rapt0r collected $0.62 from pot
vel0c1rapt0r: doesn't show hand 
*** SUMMARY ***
Total pot $0.65 | Rake $0.03 
Board [6h 2s 9h 5d Kh]
Seat 1: Manuelito180 folded before Flop (didn't bet)
Seat 2: mullski326 (button) folded on the Turn
Seat 3: malliosK (small blind) folded on the River
Seat 4: enixblr (big blind) folded on the Flop
Seat 5: vlasyk2017 folded before Flop (didn't bet)
Seat 6: Dorex2007 folded before Flop (didn't bet)
Seat 7: vel0c1rapt0r collected ($0.62)
Seat 8: jackhighX folded before Flop (didn't bet)
Seat 9: LittleDaniell folded before Flop (didn't bet)



PokerStars Hand #237650454678:  Hold'em No Limit ($0.02/$0.05 USD) - 2022/07/28 17:03:35 PT [2022/07/28 20:03:35 ET]
Table 'Carpenter' 9-max Seat #3 is the button
Seat 1: Manuelito180 ($10.44 in chips) 
Seat 2: mullski326 ($3.71 in chips) 
Seat 3: malliosK ($3.96 in chips) 
Seat 4: enixblr ($7.39 in chips) 
Seat 5: vlasyk2017 ($7.12 in chips) 
Seat 6: Dorex2007 ($6.20 in chips) 
Seat 7: vel0c1rapt0r ($5.37 in chips) 
Seat 8: jackhighX ($4.63 in chips) 
Seat 9: LittleDaniell ($4.85 in chips) 
enixblr: posts small blind $0.02
vlasyk2017: posts big blind $0.05
*** HOLE CARDS ***
Dealt to Dorex2007 [4h Kd]
Dorex2007: folds 
vel0c1rapt0r: folds 
jackhighX: folds 
LittleDaniell: folds 
Manuelito180: folds 
mullski326: folds 
malliosK: raises $0.06 to $0.11
enixblr: folds 
vlasyk2017: raises $0.39 to $0.50
malliosK: calls $0.39
*** FLOP *** [8d Tc 3c]
vlasyk2017: bets $0.33
malliosK: calls $0.33
*** TURN *** [8d Tc 3c] [Jd]
vlasyk2017: bets $1.21
malliosK: calls $1.21
*** RIVER *** [8d Tc 3c Jd] [5d]
vlasyk2017: bets $2
malliosK: calls $1.92 and is all-in
Uncalled bet ($0.08) returned to vlasyk2017
*** SHOW DOWN ***
vlasyk2017: shows [Kh Jc] (a pair of Jacks)
malliosK: shows [Qh Js] (a pair of Jacks - lower kicker)
vlasyk2017 collected $7.61 from pot
*** SUMMARY ***
Total pot $7.94 | Rake $0.33 
Board [8d Tc 3c Jd 5d]
Seat 1: Manuelito180 folded before Flop (didn't bet)
Seat 2: mullski326 folded before Flop (didn't bet)
Seat 3: malliosK (button) showed [Qh Js] and lost with a pair of Jacks
Seat 4: enixblr (small blind) folded before Flop
Seat 5: vlasyk2017 (big blind) showed [Kh Jc] and won ($7.61) with a pair of Jacks
Seat 6: Dorex2007 folded before Flop (didn't bet)
Seat 7: vel0c1rapt0r folded before Flop (didn't bet)
Seat 8: jackhighX folded before Flop (didn't bet)
Seat 9: LittleDaniell folded before Flop (didn't bet)



PokerStars Hand #237650487664:  Hold'em No Limit ($0.02/$0.05 USD) - 2022/07/28 17:05:01 PT [2022/07/28 20:05:01 ET]
Table 'Carpenter' 9-max Seat #4 is the button
Seat 1: Manuelito180 ($10.44 in chips) 
Seat 2: mullski326 ($3.71 in chips) 
Seat 4: enixblr ($7.37 in chips) 
Seat 5: vlasyk2017 ($10.77 in chips) 
Seat 6: Dorex2007 ($6.20 in chips) 
Seat 7: vel0c1rapt0r ($5.37 in chips) 
Seat 8: jackhighX ($4.63 in chips) 
Seat 9: LittleDaniell ($4.85 in chips) 
vlasyk2017: posts small blind $0.02
Dorex2007: posts big blind $0.05
*** HOLE CARDS ***
Dealt to Dorex2007 [9h Js]
vel0c1rapt0r: folds 
jackhighX: folds 
malliosK leaves the table
LittleDaniell: folds 
Manuelito180: folds 
mullski326: folds 
enixblr: folds 
vlasyk2017: folds 
Uncalled bet ($0.03) returned to Dorex2007
Dorex2007 collected $0.04 from pot
Dorex2007: doesn't show hand 
*** SUMMARY ***
Total pot $0.04 | Rake $0 
Seat 1: Manuelito180 folded before Flop (didn't bet)
Seat 2: mullski326 folded before Flop (didn't bet)
Seat 4: enixblr (button) folded before Flop (didn't bet)
Seat 5: vlasyk2017 (small blind) folded before Flop
Seat 6: Dorex2007 (big blind) collected ($0.04)
Seat 7: vel0c1rapt0r folded before Flop (didn't bet)
Seat 8: jackhighX folded before Flop (didn't bet)
Seat 9: LittleDaniell folded before Flop (didn't bet)



PokerStars Hand #237650493127:  Hold'em No Limit ($0.02/$0.05 USD) - 2022/07/28 17:05:22 PT [2022/07/28 20:05:22 ET]
Table 'Carpenter' 9-max Seat #5 is the button
Seat 1: Manuelito180 ($10.44 in chips) 
Seat 2: mullski326 ($3.71 in chips) 
Seat 4: enixblr ($7.37 in chips) 
Seat 5: vlasyk2017 ($10.75 in chips) 
Seat 6: Dorex2007 ($6.22 in chips) 
Seat 7: vel0c1rapt0r ($5.37 in chips) 
Seat 8: jackhighX ($4.63 in chips) 
Seat 9: LittleDaniell ($4.85 in chips) 
Dorex2007: posts small blind $0.02
vel0c1rapt0r: posts big blind $0.05
*** HOLE CARDS ***
Dealt to Dorex2007 [3d Td]
jackhighX: folds 
LittleDaniell: folds 
Manuelito180: folds 
mullski326: folds 
enixblr: raises $0.07 to $0.12
vlasyk2017: folds 
Dorex2007: folds 
vel0c1rapt0r: calls $0.07
*** FLOP *** [6h 8d Kd]
vel0c1rapt0r: checks 
enixblr: bets $0.10
vel0c1rapt0r: calls $0.10
*** TURN *** [6h 8d Kd] [9h]
vel0c1rapt0r: checks 
enixblr: bets $0.29
vel0c1rapt0r: folds 
Uncalled bet ($0.29) returned to enixblr
enixblr collected $0.44 from pot
enixblr: doesn't show hand 
*** SUMMARY ***
Total pot $0.46 | Rake $0.02 
Board [6h 8d Kd 9h]
Seat 1: Manuelito180 folded before Flop (didn't bet)
Seat 2: mullski326 folded before Flop (didn't bet)
Seat 4: enixblr collected ($0.44)
Seat 5: vlasyk2017 (button) folded before Flop (didn't bet)
Seat 6: Dorex2007 (small blind) folded before Flop
Seat 7: vel0c1rapt0r (big blind) folded on the Turn
Seat 8: jackhighX folded before Flop (didn't bet)
Seat 9: LittleDaniell folded before Flop (didn't bet)



PokerStars Hand #237650503951:  Hold'em No Limit ($0.02/$0.05 USD) - 2022/07/28 17:06:06 PT [2022/07/28 20:06:06 ET]
Table 'Carpenter' 9-max Seat #6 is the button
Seat 1: Manuelito180 ($10.44 in chips) 
Seat 2: mullski326 ($3.71 in chips) 
Seat 4: enixblr ($7.59 in chips) 
Seat 5: vlasyk2017 ($10.75 in chips) 
Seat 6: Dorex2007 ($6.20 in chips) 
Seat 7: vel0c1rapt0r ($5.15 in chips) 
Seat 8: jackhighX ($4.63 in chips) 
Seat 9: LittleDaniell ($4.85 in chips) 
vel0c1rapt0r: posts small blind $0.02
jackhighX: posts big blind $0.05
*** HOLE CARDS ***
Dealt to Dorex2007 [8c Qd]
LittleDaniell has timed out
LittleDaniell: folds 
Manuelito180: folds 
mullski326: folds 
enixblr: folds 
vlasyk2017: folds 
Dorex2007: folds 
vel0c1rapt0r: folds 
Uncalled bet ($0.03) returned to jackhighX
jackhighX collected $0.04 from pot
jackhighX: doesn't show hand 
*** SUMMARY ***
Total pot $0.04 | Rake $0 
Seat 1: Manuelito180 folded before Flop (didn't bet)
Seat 2: mullski326 folded before Flop (didn't bet)
Seat 4: enixblr folded before Flop (didn't bet)
Seat 5: vlasyk2017 folded before Flop (didn't bet)
Seat 6: Dorex2007 (button) folded before Flop (didn't bet)
Seat 7: vel0c1rapt0r (small blind) folded before Flop
Seat 8: jackhighX (big blind) collected ($0.04)
Seat 9: LittleDaniell folded before Flop (didn't bet)



PokerStars Hand #237650511007:  Hold'em No Limit ($0.02/$0.05 USD) - 2022/07/28 17:06:34 PT [2022/07/28 20:06:34 ET]
Table 'Carpenter' 9-max Seat #7 is the button
Seat 1: Manuelito180 ($10.44 in chips) 
Seat 2: mullski326 ($3.71 in chips) 
Seat 4: enixblr ($7.59 in chips) 
Seat 5: vlasyk2017 ($10.75 in chips) 
Seat 6: Dorex2007 ($6.20 in chips) 
Seat 7: vel0c1rapt0r ($5.13 in chips) 
Seat 8: jackhighX ($4.65 in chips) 
Seat 9: LittleDaniell ($4.85 in chips) 
jackhighX: posts small blind $0.02
LittleDaniell: posts big blind $0.05
*** HOLE CARDS ***
Dealt to Dorex2007 [Tc 9s]
Manuelito180: folds 
mullski326: calls $0.05
enixblr: folds 
vlasyk2017: folds 
Dorex2007: folds 
vel0c1rapt0r: raises $0.10 to $0.15
jackhighX: calls $0.13
LittleDaniell: folds 
mullski326: calls $0.10
*** FLOP *** [9h 8h Qh]
matugarcia04 joins the table at seat #3 
jackhighX: checks 
mullski326: checks 
vel0c1rapt0r: checks 
*** TURN *** [9h 8h Qh] [Qd]
jackhighX: checks 
mullski326: bets $0.10
vel0c1rapt0r: folds 
jackhighX: calls $0.10
*** RIVER *** [9h 8h Qh Qd] [Ac]
jackhighX: bets $0.25
mullski326: calls $0.25
*** SHOW DOWN ***
jackhighX: shows [5h 5s] (two pair, Queens and Fives)
mullski326: shows [Ad 9c] (two pair, Aces and Queens)
mullski326 collected $1.15 from pot
*** SUMMARY ***
Total pot $1.20 | Rake $0.05 
Board [9h 8h Qh Qd Ac]
Seat 1: Manuelito180 folded before Flop (didn't bet)
Seat 2: mullski326 showed [Ad 9c] and won ($1.15) with two pair, Aces and Queens
Seat 4: enixblr folded before Flop (didn't bet)
Seat 5: vlasyk2017 folded before Flop (didn't bet)
Seat 6: Dorex2007 folded before Flop (didn't bet)
Seat 7: vel0c1rapt0r (button) folded on the Turn
Seat 8: jackhighX (small blind) showed [5h 5s] and lost with two pair, Queens and Fives
Seat 9: LittleDaniell (big blind) folded before Flop



PokerStars Hand #237650525170:  Hold'em No Limit ($0.02/$0.05 USD) - 2022/07/28 17:07:31 PT [2022/07/28 20:07:31 ET]
Table 'Carpenter' 9-max Seat #8 is the button
Seat 2: mullski326 ($4.36 in chips) 
Seat 4: enixblr ($7.59 in chips) 
Seat 5: vlasyk2017 ($10.75 in chips) 
Seat 6: Dorex2007 ($6.20 in chips) 
Seat 7: vel0c1rapt0r ($4.98 in chips) 
Seat 8: jackhighX ($4.15 in chips) 
Seat 9: LittleDaniell ($4.80 in chips) 
LittleDaniell: posts small blind $0.02
Manuelito180: is sitting out 
mullski326: posts big blind $0.05
matugarcia04: sits out 
*** HOLE CARDS ***
Dealt to Dorex2007 [Jc Js]
enixblr: folds 
vlasyk2017: folds 
Dorex2007: raises $0.15 to $0.20
Manuelito180 leaves the table
vel0c1rapt0r: folds 
jackhighX: folds 
LittleDaniell: folds 
mullski326: folds 
Uncalled bet ($0.15) returned to Dorex2007
Dorex2007 collected $0.12 from pot
Dorex2007: doesn't show hand 
*** SUMMARY ***
Total pot $0.12 | Rake $0 
Seat 2: mullski326 (big blind) folded before Flop
Seat 4: enixblr folded before Flop (didn't bet)
Seat 5: vlasyk2017 folded before Flop (didn't bet)
Seat 6: Dorex2007 collected ($0.12)
Seat 7: vel0c1rapt0r folded before Flop (didn't bet)
Seat 8: jackhighX (button) folded before Flop (didn't bet)
Seat 9: LittleDaniell (small blind) folded before Flop



PokerStars Hand #237650530873:  Hold'em No Limit ($0.02/$0.05 USD) - 2022/07/28 17:07:54 PT [2022/07/28 20:07:54 ET]
Table 'Carpenter' 9-max Seat #9 is the button
Seat 2: mullski326 ($4.31 in chips) 
Seat 3: matugarcia04 ($5 in chips) 
Seat 4: enixblr ($7.59 in chips) 
Seat 5: vlasyk2017 ($10.75 in chips) 
Seat 6: Dorex2007 ($6.27 in chips) 
Seat 7: vel0c1rapt0r ($4.98 in chips) 
Seat 8: jackhighX ($4.15 in chips) 
Seat 9: LittleDaniell ($4.78 in chips) 
mullski326: posts small blind $0.02
matugarcia04: posts big blind $0.05
*** HOLE CARDS ***
Dealt to Dorex2007 [8d Qc]
enixblr: folds 
vlasyk2017: folds 
Dorex2007: folds 
vel0c1rapt0r: raises $0.10 to $0.15
jackhighX: calls $0.15
LittleDaniell: calls $0.15
mullski326: folds 
matugarcia04: calls $0.10
*** FLOP *** [4s Jd 6c]
liptoncola joins the table at seat #1 
matugarcia04: checks 
vel0c1rapt0r: bets $0.15
jackhighX: raises $0.30 to $0.45
LittleDaniell: folds 
matugarcia04: calls $0.45
vel0c1rapt0r: raises $1 to $1.45
jackhighX: calls $1
matugarcia04: folds 
*** TURN *** [4s Jd 6c] [Qd]
vel0c1rapt0r: bets $3.38 and is all-in
jackhighX: folds 
Uncalled bet ($3.38) returned to vel0c1rapt0r
vel0c1rapt0r collected $3.81 from pot
vel0c1rapt0r: doesn't show hand 
*** SUMMARY ***
Total pot $3.97 | Rake $0.16 
Board [4s Jd 6c Qd]
Seat 2: mullski326 (small blind) folded before Flop
Seat 3: matugarcia04 (big blind) folded on the Flop
Seat 4: enixblr folded before Flop (didn't bet)
Seat 5: vlasyk2017 folded before Flop (didn't bet)
Seat 6: Dorex2007 folded before Flop (didn't bet)
Seat 7: vel0c1rapt0r collected ($3.81)
Seat 8: jackhighX folded on the Turn
Seat 9: LittleDaniell (button) folded on the Flop



PokerStars Hand #237650551436:  Hold'em No Limit ($0.02/$0.05 USD) - 2022/07/28 17:09:16 PT [2022/07/28 20:09:16 ET]
Table 'Carpenter' 9-max Seat #2 is the button
Seat 1: liptoncola ($4.21 in chips) 
Seat 2: mullski326 ($4.29 in chips) 
Seat 3: matugarcia04 ($4.40 in chips) 
Seat 4: enixblr ($7.59 in chips) 
Seat 5: vlasyk2017 ($10.75 in chips) 
Seat 6: Dorex2007 ($6.27 in chips) 
Seat 7: vel0c1rapt0r ($7.19 in chips) 
Seat 8: jackhighX ($2.55 in chips) 
Seat 9: LittleDaniell ($4.63 in chips) 
matugarcia04: posts small blind $0.02
enixblr: posts big blind $0.05
liptoncola: posts big blind $0.05
*** HOLE CARDS ***
Dealt to Dorex2007 [4s Jd]
vlasyk2017: folds 
Dorex2007: folds 
vel0c1rapt0r: raises $0.05 to $0.10
jackhighX: folds 
LittleDaniell: folds 
liptoncola: calls $0.05
mullski326: folds 
matugarcia04: folds 
enixblr: folds 
*** FLOP *** [6s 5d 5c]
vel0c1rapt0r: bets $0.15
liptoncola: folds 
Uncalled bet ($0.15) returned to vel0c1rapt0r
vel0c1rapt0r collected $0.26 from pot
vel0c1rapt0r: doesn't show hand 
*** SUMMARY ***
Total pot $0.27 | Rake $0.01 
Board [6s 5d 5c]
Seat 1: liptoncola folded on the Flop
Seat 2: mullski326 (button) folded before Flop (didn't bet)
Seat 3: matugarcia04 (small blind) folded before Flop
Seat 4: enixblr (big blind) folded before Flop
Seat 5: vlasyk2017 folded before Flop (didn't bet)
Seat 6: Dorex2007 folded before Flop (didn't bet)
Seat 7: vel0c1rapt0r collected ($0.26)
Seat 8: jackhighX folded before Flop (didn't bet)
Seat 9: LittleDaniell folded before Flop (didn't bet)



PokerStars Hand #237650563226:  Hold'em No Limit ($0.02/$0.05 USD) - 2022/07/28 17:10:03 PT [2022/07/28 20:10:03 ET]
Table 'Carpenter' 9-max Seat #3 is the button
Seat 1: liptoncola ($4.11 in chips) 
Seat 2: mullski326 ($4.29 in chips) 
Seat 3: matugarcia04 ($4.38 in chips) 
Seat 4: enixblr ($7.54 in chips) 
Seat 5: vlasyk2017 ($10.75 in chips) 
Seat 6: Dorex2007 ($6.27 in chips) 
Seat 7: vel0c1rapt0r ($7.35 in chips) 
Seat 8: jackhighX ($5 in chips) 
Seat 9: LittleDaniell ($4.63 in chips) 
enixblr: posts small blind $0.02
vlasyk2017: posts big blind $0.05
*** HOLE CARDS ***
Dealt to Dorex2007 [Ks Js]
Dorex2007: raises $0.10 to $0.15
vel0c1rapt0r: folds 
jackhighX: folds 
LittleDaniell: folds 
liptoncola: folds 
mullski326: folds 
matugarcia04: folds 
enixblr: folds 
vlasyk2017: folds 
Uncalled bet ($0.10) returned to Dorex2007
Dorex2007 collected $0.12 from pot
Dorex2007: doesn't show hand 
*** SUMMARY ***
Total pot $0.12 | Rake $0 
Seat 1: liptoncola folded before Flop (didn't bet)
Seat 2: mullski326 folded before Flop (didn't bet)
Seat 3: matugarcia04 (button) folded before Flop (didn't bet)
Seat 4: enixblr (small blind) folded before Flop
Seat 5: vlasyk2017 (big blind) folded before Flop
Seat 6: Dorex2007 collected ($0.12)
Seat 7: vel0c1rapt0r folded before Flop (didn't bet)
Seat 8: jackhighX folded before Flop (didn't bet)
Seat 9: LittleDaniell folded before Flop (didn't bet)



PokerStars Hand #237650569079:  Hold'em No Limit ($0.02/$0.05 USD) - 2022/07/28 17:10:27 PT [2022/07/28 20:10:27 ET]
Table 'Carpenter' 9-max Seat #4 is the button
Seat 1: liptoncola ($4.11 in chips) 
Seat 2: mullski326 ($4.29 in chips) 
Seat 3: matugarcia04 ($4.38 in chips) 
Seat 4: enixblr ($7.52 in chips) 
Seat 5: vlasyk2017 ($10.70 in chips) 
Seat 6: Dorex2007 ($6.34 in chips) 
Seat 7: vel0c1rapt0r ($7.35 in chips) 
Seat 8: jackhighX ($5 in chips) 
Seat 9: LittleDaniell ($4.63 in chips) 
vlasyk2017: posts small blind $0.02
Dorex2007: posts big blind $0.05
*** HOLE CARDS ***
Dealt to Dorex2007 [2d 6d]
vel0c1rapt0r: raises $0.10 to $0.15
jackhighX: folds 
LittleDaniell: folds 
liptoncola: folds 
mullski326: calls $0.15
matugarcia04: folds 
enixblr: folds 
vlasyk2017: folds 
Dorex2007: folds 
*** FLOP *** [6s 4s Ks]
vel0c1rapt0r: bets $0.10
mullski326: calls $0.10
*** TURN *** [6s 4s Ks] [8h]
vel0c1rapt0r: bets $0.10
mullski326: calls $0.10
*** RIVER *** [6s 4s Ks 8h] [Ad]
vel0c1rapt0r: checks 
mullski326: bets $0.37
vel0c1rapt0r: calls $0.37
*** SHOW DOWN ***
mullski326: shows [As 9c] (a pair of Aces)
vel0c1rapt0r: mucks hand 
mullski326 collected $1.45 from pot
*** SUMMARY ***
Total pot $1.51 | Rake $0.06 
Board [6s 4s Ks 8h Ad]
Seat 1: liptoncola folded before Flop (didn't bet)
Seat 2: mullski326 showed [As 9c] and won ($1.45) with a pair of Aces
Seat 3: matugarcia04 folded before Flop (didn't bet)
Seat 4: enixblr (button) folded before Flop (didn't bet)
Seat 5: vlasyk2017 (small blind) folded before Flop
Seat 6: Dorex2007 (big blind) folded before Flop
Seat 7: vel0c1rapt0r mucked [5s 5d]
Seat 8: jackhighX folded before Flop (didn't bet)
Seat 9: LittleDaniell folded before Flop (didn't bet)



PokerStars Hand #237650591537:  Hold'em No Limit ($0.02/$0.05 USD) - 2022/07/28 17:11:20 PT [2022/07/28 20:11:20 ET]
Table 'Carpenter' 9-max Seat #5 is the button
Seat 1: liptoncola ($4.11 in chips) 
Seat 2: mullski326 ($5.02 in chips) 
Seat 3: matugarcia04 ($4.38 in chips) 
Seat 4: enixblr ($7.52 in chips) 
Seat 5: vlasyk2017 ($10.68 in chips) 
Seat 6: Dorex2007 ($6.29 in chips) 
Seat 7: vel0c1rapt0r ($6.63 in chips) 
Seat 8: jackhighX ($5 in chips) 
Seat 9: LittleDaniell ($4.63 in chips) 
Dorex2007: posts small blind $0.02
vel0c1rapt0r: posts big blind $0.05
*** HOLE CARDS ***
Dealt to Dorex2007 [Kh 8s]
jackhighX: raises $0.10 to $0.15
LittleDaniell: folds 
liptoncola: folds 
mullski326: calls $0.15
matugarcia04: calls $0.15
enixblr: calls $0.15
vlasyk2017: folds 
Dorex2007: folds 
vel0c1rapt0r: folds 
*** FLOP *** [Ks 2c Qh]
jackhighX: checks 
mullski326: checks 
matugarcia04: checks 
enixblr: checks 
*** TURN *** [Ks 2c Qh] [6d]
jackhighX: checks 
mullski326: bets $0.15
matugarcia04: calls $0.15
enixblr: folds 
jackhighX: folds 
*** RIVER *** [Ks 2c Qh 6d] [Tc]
mullski326: checks 
matugarcia04: checks 
*** SHOW DOWN ***
mullski326: shows [Ts As] (a pair of Tens)
matugarcia04: shows [Ac Qd] (a pair of Queens)
matugarcia04 collected $0.93 from pot
*** SUMMARY ***
Total pot $0.97 | Rake $0.04 
Board [Ks 2c Qh 6d Tc]
Seat 1: liptoncola folded before Flop (didn't bet)
Seat 2: mullski326 showed [Ts As] and lost with a pair of Tens
Seat 3: matugarcia04 showed [Ac Qd] and won ($0.93) with a pair of Queens
Seat 4: enixblr folded on the Turn
Seat 5: vlasyk2017 (button) folded before Flop (didn't bet)
Seat 6: Dorex2007 (small blind) folded before Flop
Seat 7: vel0c1rapt0r (big blind) folded before Flop
Seat 8: jackhighX folded on the Turn
Seat 9: LittleDaniell folded before Flop (didn't bet)



