PokerStars Hand #238200608229:  Hold'em No Limit ($0.02/$0.05 USD) - 2022/08/24 21:03:18 PT [2022/08/25 0:03:18 ET]
Table 'Aenna' 9-max Seat #1 is the button
Seat 1: GutoFreitas99 ($5.67 in chips) 
Seat 3: billythekid47 ($5.35 in chips) 
Seat 4: qbbq01 ($5 in chips) 
Seat 5: Herbert CNR ($4.02 in chips) 
Seat 6: louis1978207 ($4.84 in chips) 
Seat 7: Xaptal ($3.91 in chips) 
Seat 8: krazykat1 ($13 in chips) 
Seat 9: Dorex2007 ($5 in chips) 
billythekid47: posts small blind $0.02
qbbq01: posts big blind $0.05
Dorex2007: posts big blind $0.05
*** HOLE CARDS ***
Dealt to Dorex2007 [Qs 6c]
Herbert CNR: folds 
louis1978207: folds 
Xaptal: folds 
krazykat1: calls $0.05
Dorex2007: checks 
GutoFreitas99: raises $0.05 to $0.10
billythekid47: calls $0.08
qbbq01: folds 
krazykat1: calls $0.05
Dorex2007: folds 
*** FLOP *** [5c 9d As]
billythekid47: bets $0.15
krazykat1: folds 
GutoFreitas99: calls $0.15
*** TURN *** [5c 9d As] [Ks]
billythekid47: checks 
GutoFreitas99: bets $0.35
billythekid47: calls $0.35
*** RIVER *** [5c 9d As Ks] [8c]
billythekid47: bets $0.50
GutoFreitas99: folds 
Uncalled bet ($0.50) returned to billythekid47
billythekid47 collected $1.34 from pot
*** SUMMARY ***
Total pot $1.40 | Rake $0.06 
Board [5c 9d As Ks 8c]
Seat 1: GutoFreitas99 (button) folded on the River
Seat 3: billythekid47 (small blind) collected ($1.34)
Seat 4: qbbq01 (big blind) folded before Flop
Seat 5: Herbert CNR folded before Flop (didn't bet)
Seat 6: louis1978207 folded before Flop (didn't bet)
Seat 7: Xaptal folded before Flop (didn't bet)
Seat 8: krazykat1 folded on the Flop
Seat 9: Dorex2007 folded before Flop (didn't bet)



PokerStars Hand #238200617394:  Hold'em No Limit ($0.02/$0.05 USD) - 2022/08/24 21:04:29 PT [2022/08/25 0:04:29 ET]
Table 'Aenna' 9-max Seat #3 is the button
Seat 1: GutoFreitas99 ($5.07 in chips) 
Seat 2: KOCETO_1992 ($4 in chips) 
Seat 3: billythekid47 ($6.09 in chips) 
Seat 4: qbbq01 ($5 in chips) 
Seat 5: Herbert CNR ($4.02 in chips) 
Seat 6: louis1978207 ($4.84 in chips) 
Seat 7: Xaptal ($3.91 in chips) 
Seat 8: krazykat1 ($12.90 in chips) 
Seat 9: Dorex2007 ($5 in chips) 
qbbq01: posts small blind $0.02
Herbert CNR: posts big blind $0.05
KOCETO_1992: posts big blind $0.05
*** HOLE CARDS ***
Dealt to Dorex2007 [Ad 3d]
louis1978207: folds 
Xaptal: folds 
krazykat1: calls $0.05
Dorex2007: calls $0.05
GutoFreitas99: raises $0.05 to $0.10
KOCETO_1992: folds 
billythekid47: folds 
qbbq01: folds 
Herbert CNR: folds 
krazykat1: calls $0.05
Dorex2007: calls $0.05
*** FLOP *** [7c 8d Ts]
krazykat1: checks 
Dorex2007: checks 
GutoFreitas99: checks 
*** TURN *** [7c 8d Ts] [4d]
krazykat1: bets $0.40
Dorex2007: folds 
GutoFreitas99: folds 
Uncalled bet ($0.40) returned to krazykat1
krazykat1 collected $0.40 from pot
krazykat1: doesn't show hand 
*** SUMMARY ***
Total pot $0.42 | Rake $0.02 
Board [7c 8d Ts 4d]
Seat 1: GutoFreitas99 folded on the Turn
Seat 2: KOCETO_1992 folded before Flop (didn't bet)
Seat 3: billythekid47 (button) folded before Flop (didn't bet)
Seat 4: qbbq01 (small blind) folded before Flop
Seat 5: Herbert CNR (big blind) folded before Flop
Seat 6: louis1978207 folded before Flop (didn't bet)
Seat 7: Xaptal folded before Flop (didn't bet)
Seat 8: krazykat1 collected ($0.40)
Seat 9: Dorex2007 folded on the Turn



PokerStars Hand #238200624969:  Hold'em No Limit ($0.02/$0.05 USD) - 2022/08/24 21:05:28 PT [2022/08/25 0:05:28 ET]
Table 'Aenna' 9-max Seat #4 is the button
Seat 1: GutoFreitas99 ($4.97 in chips) 
Seat 2: KOCETO_1992 ($3.95 in chips) 
Seat 3: billythekid47 ($6.09 in chips) 
Seat 4: qbbq01 ($5 in chips) 
Seat 5: Herbert CNR ($3.97 in chips) 
Seat 6: louis1978207 ($4.84 in chips) 
Seat 7: Xaptal ($3.91 in chips) 
Seat 8: krazykat1 ($13.20 in chips) 
Seat 9: Dorex2007 ($5 in chips) 
Herbert CNR: posts small blind $0.02
louis1978207: posts big blind $0.05
*** HOLE CARDS ***
Dealt to Dorex2007 [9d 3d]
Xaptal: raises $0.10 to $0.15
krazykat1: folds 
Dorex2007: folds 
GutoFreitas99: folds 
KOCETO_1992: folds 
billythekid47: calls $0.15
qbbq01: calls $0.15
Herbert CNR: calls $0.13
louis1978207: calls $0.10
*** FLOP *** [5c Th 6c]
Herbert CNR: bets $0.10
louis1978207: calls $0.10
Xaptal: folds 
billythekid47: calls $0.10
qbbq01: folds 
*** TURN *** [5c Th 6c] [4h]
Herbert CNR: bets $0.20
louis1978207: calls $0.20
billythekid47: calls $0.20
*** RIVER *** [5c Th 6c 4h] [7d]
Herbert CNR: checks 
louis1978207: bets $0.84
billythekid47: calls $0.84
Herbert CNR: folds 
*** SHOW DOWN ***
louis1978207: shows [5s 8s] (a straight, Four to Eight)
billythekid47: mucks hand 
louis1978207 collected $3.19 from pot
*** SUMMARY ***
Total pot $3.33 | Rake $0.14 
Board [5c Th 6c 4h 7d]
Seat 1: GutoFreitas99 folded before Flop (didn't bet)
Seat 2: KOCETO_1992 folded before Flop (didn't bet)
Seat 3: billythekid47 mucked [6h 5h]
Seat 4: qbbq01 (button) folded on the Flop
Seat 5: Herbert CNR (small blind) folded on the River
Seat 6: louis1978207 (big blind) showed [5s 8s] and won ($3.19) with a straight, Four to Eight
Seat 7: Xaptal folded on the Flop
Seat 8: krazykat1 folded before Flop (didn't bet)
Seat 9: Dorex2007 folded before Flop (didn't bet)



PokerStars Hand #238200638720:  Hold'em No Limit ($0.02/$0.05 USD) - 2022/08/24 21:07:15 PT [2022/08/25 0:07:15 ET]
Table 'Aenna' 9-max Seat #5 is the button
Seat 1: GutoFreitas99 ($4.97 in chips) 
Seat 2: KOCETO_1992 ($3.95 in chips) 
Seat 3: billythekid47 ($4.80 in chips) 
Seat 4: qbbq01 ($5 in chips) 
Seat 5: Herbert CNR ($3.52 in chips) 
Seat 6: louis1978207 ($6.74 in chips) 
Seat 7: Xaptal ($3.76 in chips) 
Seat 8: krazykat1 ($13.20 in chips) 
Seat 9: Dorex2007 ($5 in chips) 
louis1978207: posts small blind $0.02
Xaptal: posts big blind $0.05
*** HOLE CARDS ***
Dealt to Dorex2007 [3s 9h]
krazykat1: folds 
Dorex2007: folds 
GutoFreitas99: folds 
KOCETO_1992: folds 
billythekid47: folds 
qbbq01: raises $0.10 to $0.15
Herbert CNR: folds 
louis1978207: calls $0.13
Xaptal: folds 
*** FLOP *** [7c 8s 4d]
louis1978207: checks 
qbbq01: bets $0.17
louis1978207: calls $0.17
*** TURN *** [7c 8s 4d] [2d]
louis1978207: checks 
qbbq01: bets $0.33
louis1978207: folds 
Uncalled bet ($0.33) returned to qbbq01
qbbq01 collected $0.66 from pot
*** SUMMARY ***
Total pot $0.69 | Rake $0.03 
Board [7c 8s 4d 2d]
Seat 1: GutoFreitas99 folded before Flop (didn't bet)
Seat 2: KOCETO_1992 folded before Flop (didn't bet)
Seat 3: billythekid47 folded before Flop (didn't bet)
Seat 4: qbbq01 collected ($0.66)
Seat 5: Herbert CNR (button) folded before Flop (didn't bet)
Seat 6: louis1978207 (small blind) folded on the Turn
Seat 7: Xaptal (big blind) folded before Flop
Seat 8: krazykat1 folded before Flop (didn't bet)
Seat 9: Dorex2007 folded before Flop (didn't bet)



PokerStars Hand #238200645507:  Hold'em No Limit ($0.02/$0.05 USD) - 2022/08/24 21:08:07 PT [2022/08/25 0:08:07 ET]
Table 'Aenna' 9-max Seat #6 is the button
Seat 1: GutoFreitas99 ($4.97 in chips) 
Seat 2: KOCETO_1992 ($3.95 in chips) 
Seat 3: billythekid47 ($4.80 in chips) 
Seat 4: qbbq01 ($5.34 in chips) 
Seat 5: Herbert CNR ($3.52 in chips) 
Seat 6: louis1978207 ($6.42 in chips) 
Seat 7: Xaptal ($3.71 in chips) 
Seat 8: krazykat1 ($13.20 in chips) 
Seat 9: Dorex2007 ($5 in chips) 
Xaptal: posts small blind $0.02
krazykat1: posts big blind $0.05
*** HOLE CARDS ***
Dealt to Dorex2007 [5s Qc]
Dorex2007: folds 
GutoFreitas99: raises $0.05 to $0.10
KOCETO_1992: calls $0.10
billythekid47: folds 
qbbq01: folds 
Herbert CNR: folds 
louis1978207: raises $0.32 to $0.42
Xaptal: folds 
krazykat1: folds 
GutoFreitas99: folds 
KOCETO_1992: folds 
Uncalled bet ($0.32) returned to louis1978207
louis1978207 collected $0.37 from pot
louis1978207: doesn't show hand 
*** SUMMARY ***
Total pot $0.37 | Rake $0 
Seat 1: GutoFreitas99 folded before Flop
Seat 2: KOCETO_1992 folded before Flop
Seat 3: billythekid47 folded before Flop (didn't bet)
Seat 4: qbbq01 folded before Flop (didn't bet)
Seat 5: Herbert CNR folded before Flop (didn't bet)
Seat 6: louis1978207 (button) collected ($0.37)
Seat 7: Xaptal (small blind) folded before Flop
Seat 8: krazykat1 (big blind) folded before Flop
Seat 9: Dorex2007 folded before Flop (didn't bet)



PokerStars Hand #238200650039:  Hold'em No Limit ($0.02/$0.05 USD) - 2022/08/24 21:08:42 PT [2022/08/25 0:08:42 ET]
Table 'Aenna' 9-max Seat #7 is the button
Seat 1: GutoFreitas99 ($4.87 in chips) 
Seat 2: KOCETO_1992 ($3.85 in chips) 
Seat 3: billythekid47 ($4.80 in chips) 
Seat 4: qbbq01 ($5.34 in chips) 
Seat 5: Herbert CNR ($3.52 in chips) 
Seat 6: louis1978207 ($6.69 in chips) 
Seat 7: Xaptal ($3.69 in chips) 
Seat 8: krazykat1 ($13.15 in chips) 
Seat 9: Dorex2007 ($5 in chips) 
krazykat1: posts small blind $0.02
Dorex2007: posts big blind $0.05
*** HOLE CARDS ***
Dealt to Dorex2007 [Jh 3c]
GutoFreitas99: raises $0.05 to $0.10
KOCETO_1992: folds 
billythekid47: raises $0.05 to $0.15
qbbq01: folds 
Herbert CNR: folds 
louis1978207: folds 
Xaptal: folds 
krazykat1: folds 
Dorex2007: folds 
GutoFreitas99: calls $0.05
*** FLOP *** [9d Th 7h]
GutoFreitas99: bets $0.15
billythekid47: calls $0.15
*** TURN *** [9d Th 7h] [8s]
GutoFreitas99: bets $0.35
billythekid47: calls $0.35
*** RIVER *** [9d Th 7h 8s] [5h]
GutoFreitas99: checks 
billythekid47: bets $1.31
GutoFreitas99: folds 
Uncalled bet ($1.31) returned to billythekid47
billythekid47 collected $1.31 from pot
*** SUMMARY ***
Total pot $1.37 | Rake $0.06 
Board [9d Th 7h 8s 5h]
Seat 1: GutoFreitas99 folded on the River
Seat 2: KOCETO_1992 folded before Flop (didn't bet)
Seat 3: billythekid47 collected ($1.31)
Seat 4: qbbq01 folded before Flop (didn't bet)
Seat 5: Herbert CNR folded before Flop (didn't bet)
Seat 6: louis1978207 folded before Flop (didn't bet)
Seat 7: Xaptal (button) folded before Flop (didn't bet)
Seat 8: krazykat1 (small blind) folded before Flop
Seat 9: Dorex2007 (big blind) folded before Flop



PokerStars Hand #238200657825:  Hold'em No Limit ($0.02/$0.05 USD) - 2022/08/24 21:09:43 PT [2022/08/25 0:09:43 ET]
Table 'Aenna' 9-max Seat #8 is the button
Seat 1: GutoFreitas99 ($4.22 in chips) 
Seat 2: KOCETO_1992 ($3.85 in chips) 
Seat 3: billythekid47 ($5.46 in chips) 
Seat 4: qbbq01 ($5.34 in chips) 
Seat 5: Herbert CNR ($3.52 in chips) 
Seat 6: louis1978207 ($6.69 in chips) 
Seat 7: Xaptal ($3.69 in chips) 
Seat 8: krazykat1 ($13.13 in chips) 
Seat 9: Dorex2007 ($5 in chips) 
Dorex2007: posts small blind $0.02
GutoFreitas99: posts big blind $0.05
*** HOLE CARDS ***
Dealt to Dorex2007 [6c As]
KOCETO_1992: folds 
billythekid47: folds 
qbbq01: folds 
Herbert CNR: folds 
louis1978207: calls $0.05
Xaptal: raises $0.17 to $0.22
krazykat1: calls $0.22
Dorex2007: folds 
GutoFreitas99: folds 
louis1978207: calls $0.17
*** FLOP *** [Ah 5h Qs]
louis1978207: checks 
Xaptal: bets $0.50
krazykat1: folds 
louis1978207: folds 
Uncalled bet ($0.50) returned to Xaptal
Xaptal collected $0.70 from pot
Xaptal: doesn't show hand 
*** SUMMARY ***
Total pot $0.73 | Rake $0.03 
Board [Ah 5h Qs]
Seat 1: GutoFreitas99 (big blind) folded before Flop
Seat 2: KOCETO_1992 folded before Flop (didn't bet)
Seat 3: billythekid47 folded before Flop (didn't bet)
Seat 4: qbbq01 folded before Flop (didn't bet)
Seat 5: Herbert CNR folded before Flop (didn't bet)
Seat 6: louis1978207 folded on the Flop
Seat 7: Xaptal collected ($0.70)
Seat 8: krazykat1 (button) folded on the Flop
Seat 9: Dorex2007 (small blind) folded before Flop



PokerStars Hand #238200663205:  Hold'em No Limit ($0.02/$0.05 USD) - 2022/08/24 21:10:25 PT [2022/08/25 0:10:25 ET]
Table 'Aenna' 9-max Seat #9 is the button
Seat 1: GutoFreitas99 ($4.17 in chips) 
Seat 2: KOCETO_1992 ($3.85 in chips) 
Seat 3: billythekid47 ($5.46 in chips) 
Seat 4: qbbq01 ($5.34 in chips) 
Seat 5: Herbert CNR ($3.52 in chips) 
Seat 6: louis1978207 ($6.47 in chips) 
Seat 7: Xaptal ($4.17 in chips) 
Seat 8: krazykat1 ($12.91 in chips) 
Seat 9: Dorex2007 ($5 in chips) 
GutoFreitas99: posts small blind $0.02
KOCETO_1992: posts big blind $0.05
*** HOLE CARDS ***
Dealt to Dorex2007 [4d Jd]
billythekid47: folds 
qbbq01: folds 
Herbert CNR: folds 
louis1978207: folds 
Xaptal: folds 
krazykat1: raises $0.20 to $0.25
Dorex2007: folds 
GutoFreitas99: raises $0.35 to $0.60
KOCETO_1992: folds 
krazykat1: raises $12.31 to $12.91 and is all-in
GutoFreitas99: calls $3.57 and is all-in
Uncalled bet ($8.74) returned to krazykat1
krazykat1 has timed out
GutoFreitas99 has timed out
*** FLOP *** [2h 3h Tc]
*** TURN *** [2h 3h Tc] [4h]
*** RIVER *** [2h 3h Tc 4h] [Qh]
*** SHOW DOWN ***
GutoFreitas99: shows [9s 9d] (a pair of Nines)
krazykat1: shows [Ah 7c] (a flush, Ace high)
krazykat1 collected $8.04 from pot
*** SUMMARY ***
Total pot $8.39 | Rake $0.35 
Board [2h 3h Tc 4h Qh]
Seat 1: GutoFreitas99 (small blind) showed [9s 9d] and lost with a pair of Nines
Seat 2: KOCETO_1992 (big blind) folded before Flop
Seat 3: billythekid47 folded before Flop (didn't bet)
Seat 4: qbbq01 folded before Flop (didn't bet)
Seat 5: Herbert CNR folded before Flop (didn't bet)
Seat 6: louis1978207 folded before Flop (didn't bet)
Seat 7: Xaptal folded before Flop (didn't bet)
Seat 8: krazykat1 showed [Ah 7c] and won ($8.04) with a flush, Ace high
Seat 9: Dorex2007 (button) folded before Flop (didn't bet)



PokerStars Hand #238200669584:  Hold'em No Limit ($0.02/$0.05 USD) - 2022/08/24 21:11:16 PT [2022/08/25 0:11:16 ET]
Table 'Aenna' 9-max Seat #2 is the button
Seat 2: KOCETO_1992 ($3.80 in chips) 
Seat 3: billythekid47 ($5.46 in chips) 
Seat 4: qbbq01 ($5.34 in chips) 
Seat 5: Herbert CNR ($3.52 in chips) 
Seat 6: louis1978207 ($6.47 in chips) 
Seat 8: krazykat1 ($16.78 in chips) 
Seat 9: Dorex2007 ($5 in chips) 
billythekid47: posts small blind $0.02
qbbq01: posts big blind $0.05
*** HOLE CARDS ***
Dealt to Dorex2007 [2c 9d]
Herbert CNR: folds 
louis1978207: folds 
krazykat1: folds 
Dorex2007: folds 
KOCETO_1992: raises $0.07 to $0.12
billythekid47: folds 
qbbq01: folds 
Uncalled bet ($0.07) returned to KOCETO_1992
KOCETO_1992 collected $0.12 from pot
*** SUMMARY ***
Total pot $0.12 | Rake $0 
Seat 2: KOCETO_1992 (button) collected ($0.12)
Seat 3: billythekid47 (small blind) folded before Flop
Seat 4: qbbq01 (big blind) folded before Flop
Seat 5: Herbert CNR folded before Flop (didn't bet)
Seat 6: louis1978207 folded before Flop (didn't bet)
Seat 8: krazykat1 folded before Flop (didn't bet)
Seat 9: Dorex2007 folded before Flop (didn't bet)



PokerStars Hand #238200672235:  Hold'em No Limit ($0.02/$0.05 USD) - 2022/08/24 21:11:36 PT [2022/08/25 0:11:36 ET]
Table 'Aenna' 9-max Seat #3 is the button
Seat 2: KOCETO_1992 ($3.87 in chips) 
Seat 3: billythekid47 ($5.44 in chips) 
Seat 4: qbbq01 ($5.29 in chips) 
Seat 5: Herbert CNR ($3.52 in chips) 
Seat 6: louis1978207 ($6.47 in chips) 
Seat 8: krazykat1 ($16.78 in chips) 
Seat 9: Dorex2007 ($5 in chips) 
GutoFreitas99 leaves the table
qbbq01: posts small blind $0.02
Herbert CNR: posts big blind $0.05
*** HOLE CARDS ***
Dealt to Dorex2007 [2d Tc]
louis1978207: folds 
krazykat1: folds 
Dorex2007: folds 
KOCETO_1992: folds 
billythekid47: folds 
qbbq01: folds 
Uncalled bet ($0.03) returned to Herbert CNR
Herbert CNR collected $0.04 from pot
Herbert CNR: doesn't show hand 
*** SUMMARY ***
Total pot $0.04 | Rake $0 
Seat 2: KOCETO_1992 folded before Flop (didn't bet)
Seat 3: billythekid47 (button) folded before Flop (didn't bet)
Seat 4: qbbq01 (small blind) folded before Flop
Seat 5: Herbert CNR (big blind) collected ($0.04)
Seat 6: louis1978207 folded before Flop (didn't bet)
Seat 8: krazykat1 folded before Flop (didn't bet)
Seat 9: Dorex2007 folded before Flop (didn't bet)



PokerStars Hand #238200673183:  Hold'em No Limit ($0.02/$0.05 USD) - 2022/08/24 21:11:44 PT [2022/08/25 0:11:44 ET]
Table 'Aenna' 9-max Seat #4 is the button
Seat 2: KOCETO_1992 ($3.87 in chips) 
Seat 3: billythekid47 ($5.44 in chips) 
Seat 4: qbbq01 ($5.27 in chips) 
Seat 5: Herbert CNR ($3.54 in chips) 
Seat 6: louis1978207 ($6.47 in chips) 
Seat 8: krazykat1 ($16.78 in chips) 
Seat 9: Dorex2007 ($5 in chips) 
Herbert CNR: posts small blind $0.02
louis1978207: posts big blind $0.05
*** HOLE CARDS ***
Dealt to Dorex2007 [7d 8c]
krazykat1: folds 
Dorex2007: folds 
KOCETO_1992: folds 
billythekid47: folds 
qbbq01: folds 
Herbert CNR: raises $0.05 to $0.10
louis1978207: calls $0.05
*** FLOP *** [8h Ts 6s]
Herbert CNR: bets $0.15
louis1978207: calls $0.15
*** TURN *** [8h Ts 6s] [8s]
Herbert CNR: bets $0.25
louis1978207: calls $0.25
*** RIVER *** [8h Ts 6s 8s] [5c]
Herbert CNR: bets $0.25
louis1978207: calls $0.25
*** SHOW DOWN ***
Herbert CNR: shows [Qc Qd] (two pair, Queens and Eights)
louis1978207: mucks hand 
Herbert CNR collected $1.44 from pot
*** SUMMARY ***
Total pot $1.50 | Rake $0.06 
Board [8h Ts 6s 8s 5c]
Seat 2: KOCETO_1992 folded before Flop (didn't bet)
Seat 3: billythekid47 folded before Flop (didn't bet)
Seat 4: qbbq01 (button) folded before Flop (didn't bet)
Seat 5: Herbert CNR (small blind) showed [Qc Qd] and won ($1.44) with two pair, Queens and Eights
Seat 6: louis1978207 (big blind) mucked [Qs Td]
Seat 8: krazykat1 folded before Flop (didn't bet)
Seat 9: Dorex2007 folded before Flop (didn't bet)



PokerStars Hand #238200680965:  Hold'em No Limit ($0.02/$0.05 USD) - 2022/08/24 21:12:45 PT [2022/08/25 0:12:45 ET]
Table 'Aenna' 9-max Seat #5 is the button
Seat 2: KOCETO_1992 ($3.87 in chips) 
Seat 3: billythekid47 ($5.44 in chips) 
Seat 4: qbbq01 ($5.27 in chips) 
Seat 5: Herbert CNR ($4.23 in chips) 
Seat 6: louis1978207 ($5.72 in chips) 
Seat 8: krazykat1 ($16.78 in chips) 
Seat 9: Dorex2007 ($5 in chips) 
louis1978207: posts small blind $0.02
krazykat1: posts big blind $0.05
*** HOLE CARDS ***
Dealt to Dorex2007 [4h Kc]
Dorex2007: folds 
KOCETO_1992: folds 
billythekid47: folds 
qbbq01: folds 
Herbert CNR: folds 
louis1978207: folds 
Uncalled bet ($0.03) returned to krazykat1
krazykat1 collected $0.04 from pot
krazykat1: doesn't show hand 
*** SUMMARY ***
Total pot $0.04 | Rake $0 
Seat 2: KOCETO_1992 folded before Flop (didn't bet)
Seat 3: billythekid47 folded before Flop (didn't bet)
Seat 4: qbbq01 folded before Flop (didn't bet)
Seat 5: Herbert CNR (button) folded before Flop (didn't bet)
Seat 6: louis1978207 (small blind) folded before Flop
Seat 8: krazykat1 (big blind) collected ($0.04)
Seat 9: Dorex2007 folded before Flop (didn't bet)



PokerStars Hand #238200681982:  Hold'em No Limit ($0.02/$0.05 USD) - 2022/08/24 21:12:54 PT [2022/08/25 0:12:54 ET]
Table 'Aenna' 9-max Seat #6 is the button
Seat 2: KOCETO_1992 ($3.87 in chips) 
Seat 3: billythekid47 ($5.44 in chips) 
Seat 4: qbbq01 ($5.27 in chips) 
Seat 5: Herbert CNR ($4.23 in chips) 
Seat 6: louis1978207 ($5.70 in chips) 
Seat 8: krazykat1 ($16.80 in chips) 
Seat 9: Dorex2007 ($5 in chips) 
krazykat1: posts small blind $0.02
Dorex2007: posts big blind $0.05
*** HOLE CARDS ***
Dealt to Dorex2007 [4c 8s]
KOCETO_1992: folds 
billythekid47: folds 
qbbq01: folds 
Herbert CNR: folds 
louis1978207: folds 
krazykat1: raises $0.20 to $0.25
Dorex2007: folds 
Uncalled bet ($0.20) returned to krazykat1
krazykat1 collected $0.10 from pot
krazykat1: doesn't show hand 
qbbq01 leaves the table
*** SUMMARY ***
Total pot $0.10 | Rake $0 
Seat 2: KOCETO_1992 folded before Flop (didn't bet)
Seat 3: billythekid47 folded before Flop (didn't bet)
Seat 4: qbbq01 folded before Flop (didn't bet)
Seat 5: Herbert CNR folded before Flop (didn't bet)
Seat 6: louis1978207 (button) folded before Flop (didn't bet)
Seat 8: krazykat1 (small blind) collected ($0.10)
Seat 9: Dorex2007 (big blind) folded before Flop



PokerStars Hand #238200684598:  Hold'em No Limit ($0.02/$0.05 USD) - 2022/08/24 21:13:14 PT [2022/08/25 0:13:14 ET]
Table 'Aenna' 9-max Seat #8 is the button
Seat 2: KOCETO_1992 ($3.87 in chips) 
Seat 3: billythekid47 ($5.44 in chips) 
Seat 5: Herbert CNR ($4.23 in chips) 
Seat 6: louis1978207 ($5.70 in chips) 
Seat 7: Xaptal ($4.17 in chips) 
Seat 8: krazykat1 ($16.85 in chips) 
Seat 9: Dorex2007 ($5 in chips) 
Dorex2007: posts small blind $0.02
KOCETO_1992: posts big blind $0.05
Xaptal: posts small & big blinds $0.07
*** HOLE CARDS ***
Dealt to Dorex2007 [Qs 2s]
billythekid47: folds 
Herbert CNR: folds 
louis1978207 has timed out
louis1978207: folds 
Xaptal: checks 
krazykat1: raises $0.30 to $0.35
Dorex2007: folds 
KOCETO_1992: folds 
Xaptal: folds 
Uncalled bet ($0.30) returned to krazykat1
krazykat1 collected $0.19 from pot
krazykat1: doesn't show hand 
*** SUMMARY ***
Total pot $0.19 | Rake $0 
Seat 2: KOCETO_1992 (big blind) folded before Flop
Seat 3: billythekid47 folded before Flop (didn't bet)
Seat 5: Herbert CNR folded before Flop (didn't bet)
Seat 6: louis1978207 folded before Flop (didn't bet)
Seat 7: Xaptal folded before Flop (didn't bet)
Seat 8: krazykat1 (button) collected ($0.19)
Seat 9: Dorex2007 (small blind) folded before Flop



PokerStars Hand #238200688270:  Hold'em No Limit ($0.02/$0.05 USD) - 2022/08/24 21:13:43 PT [2022/08/25 0:13:43 ET]
Table 'Aenna' 9-max Seat #9 is the button
Seat 2: KOCETO_1992 ($3.82 in chips) 
Seat 3: billythekid47 ($5.44 in chips) 
Seat 5: Herbert CNR ($4.23 in chips) 
Seat 6: louis1978207 ($5.70 in chips) 
Seat 7: Xaptal ($4.10 in chips) 
Seat 8: krazykat1 ($16.99 in chips) 
Seat 9: Dorex2007 ($5 in chips) 
KOCETO_1992: posts small blind $0.02
billythekid47: posts big blind $0.05
*** HOLE CARDS ***
Dealt to Dorex2007 [9c 4c]
Herbert CNR has timed out
Herbert CNR: folds 
louis1978207: folds 
Xaptal: folds 
krazykat1: folds 
sakuno36 joins the table at seat #1 
Dorex2007: folds 
KOCETO_1992: folds 
Uncalled bet ($0.03) returned to billythekid47
billythekid47 collected $0.04 from pot
*** SUMMARY ***
Total pot $0.04 | Rake $0 
Seat 2: KOCETO_1992 (small blind) folded before Flop
Seat 3: billythekid47 (big blind) collected ($0.04)
Seat 5: Herbert CNR folded before Flop (didn't bet)
Seat 6: louis1978207 folded before Flop (didn't bet)
Seat 7: Xaptal folded before Flop (didn't bet)
Seat 8: krazykat1 folded before Flop (didn't bet)
Seat 9: Dorex2007 (button) folded before Flop (didn't bet)



PokerStars Hand #238200690932:  Hold'em No Limit ($0.02/$0.05 USD) - 2022/08/24 21:14:04 PT [2022/08/25 0:14:04 ET]
Table 'Aenna' 9-max Seat #2 is the button
Seat 2: KOCETO_1992 ($3.80 in chips) 
Seat 3: billythekid47 ($5.46 in chips) 
Seat 5: Herbert CNR ($4.23 in chips) 
Seat 6: louis1978207 ($5.70 in chips) 
Seat 7: Xaptal ($4.10 in chips) 
Seat 8: krazykat1 ($16.99 in chips) 
Seat 9: Dorex2007 ($5 in chips) 
billythekid47: posts small blind $0.02
Herbert CNR: posts big blind $0.05
sakuno36: sits out 
*** HOLE CARDS ***
Dealt to Dorex2007 [6d 7c]
louis1978207: folds 
Ewol17 joins the table at seat #4 
Xaptal: folds 
krazykat1: folds 
Dorex2007: folds 
KOCETO_1992: folds 
billythekid47: calls $0.03
Herbert CNR: raises $0.05 to $0.10
billythekid47: calls $0.05
*** FLOP *** [8s Js 7s]
billythekid47: bets $0.05
Herbert CNR: raises $0.10 to $0.15
billythekid47: raises $0.10 to $0.25
Herbert CNR: calls $0.10
*** TURN *** [8s Js 7s] [Qs]
billythekid47: checks 
Herbert CNR: bets $0.50
billythekid47: folds 
Uncalled bet ($0.50) returned to Herbert CNR
Herbert CNR collected $0.67 from pot
Herbert CNR: doesn't show hand 
*** SUMMARY ***
Total pot $0.70 | Rake $0.03 
Board [8s Js 7s Qs]
Seat 2: KOCETO_1992 (button) folded before Flop (didn't bet)
Seat 3: billythekid47 (small blind) folded on the Turn
Seat 5: Herbert CNR (big blind) collected ($0.67)
Seat 6: louis1978207 folded before Flop (didn't bet)
Seat 7: Xaptal folded before Flop (didn't bet)
Seat 8: krazykat1 folded before Flop (didn't bet)
Seat 9: Dorex2007 folded before Flop (didn't bet)



PokerStars Hand #238200698647:  Hold'em No Limit ($0.02/$0.05 USD) - 2022/08/24 21:15:05 PT [2022/08/25 0:15:05 ET]
Table 'Aenna' 9-max Seat #3 is the button
Seat 2: KOCETO_1992 ($3.80 in chips) 
Seat 3: billythekid47 ($5.11 in chips) 
Seat 5: Herbert CNR ($4.55 in chips) 
Seat 6: louis1978207 ($5.70 in chips) 
Seat 7: Xaptal ($4.10 in chips) 
Seat 8: krazykat1 ($16.99 in chips) 
Seat 9: Dorex2007 ($5 in chips) 
Herbert CNR: posts small blind $0.02
louis1978207: posts big blind $0.05
sakuno36: sits out 
*** HOLE CARDS ***
Dealt to Dorex2007 [4c Ad]
Xaptal: folds 
krazykat1: raises $0.20 to $0.25
Dorex2007: folds 
KOCETO_1992: folds 
billythekid47: folds 
Herbert CNR: folds 
louis1978207: folds 
Uncalled bet ($0.20) returned to krazykat1
krazykat1 collected $0.12 from pot
krazykat1: doesn't show hand 
*** SUMMARY ***
Total pot $0.12 | Rake $0 
Seat 2: KOCETO_1992 folded before Flop (didn't bet)
Seat 3: billythekid47 (button) folded before Flop (didn't bet)
Seat 5: Herbert CNR (small blind) folded before Flop
Seat 6: louis1978207 (big blind) folded before Flop
Seat 7: Xaptal folded before Flop (didn't bet)
Seat 8: krazykat1 collected ($0.12)
Seat 9: Dorex2007 folded before Flop (didn't bet)



PokerStars Hand #238200700310:  Hold'em No Limit ($0.02/$0.05 USD) - 2022/08/24 21:15:18 PT [2022/08/25 0:15:18 ET]
Table 'Aenna' 9-max Seat #5 is the button
Seat 2: KOCETO_1992 ($3.80 in chips) 
Seat 3: billythekid47 ($5.11 in chips) 
Seat 4: Ewol17 ($4 in chips) 
Seat 5: Herbert CNR ($4.53 in chips) 
Seat 6: louis1978207 ($5.65 in chips) 
Seat 7: Xaptal ($4.10 in chips) 
Seat 8: krazykat1 ($17.06 in chips) 
Seat 9: Dorex2007 ($5 in chips) 
louis1978207: posts small blind $0.02
Xaptal: posts big blind $0.05
sakuno36: sits out 
Ewol17: posts big blind $0.05
*** HOLE CARDS ***
Dealt to Dorex2007 [Ac 4c]
krazykat1: raises $0.20 to $0.25
Dorex2007: folds 
KOCETO_1992: folds 
billythekid47: folds 
Ewol17: folds 
Herbert CNR: folds 
louis1978207: folds 
Xaptal: calls $0.20
*** FLOP *** [3c 2s 3h]
Xaptal: checks 
krazykat1: bets $0.55
Xaptal: folds 
Uncalled bet ($0.55) returned to krazykat1
krazykat1 collected $0.55 from pot
krazykat1: doesn't show hand 
billythekid47 leaves the table
*** SUMMARY ***
Total pot $0.57 | Rake $0.02 
Board [3c 2s 3h]
Seat 2: KOCETO_1992 folded before Flop (didn't bet)
Seat 3: billythekid47 folded before Flop (didn't bet)
Seat 4: Ewol17 folded before Flop (didn't bet)
Seat 5: Herbert CNR (button) folded before Flop (didn't bet)
Seat 6: louis1978207 (small blind) folded before Flop
Seat 7: Xaptal (big blind) folded on the Flop
Seat 8: krazykat1 collected ($0.55)
Seat 9: Dorex2007 folded before Flop (didn't bet)



PokerStars Hand #238200704766:  Hold'em No Limit ($0.02/$0.05 USD) - 2022/08/24 21:15:54 PT [2022/08/25 0:15:54 ET]
Table 'Aenna' 9-max Seat #6 is the button
Seat 2: KOCETO_1992 ($3.80 in chips) 
Seat 4: Ewol17 ($3.95 in chips) 
Seat 5: Herbert CNR ($4.53 in chips) 
Seat 6: louis1978207 ($5.63 in chips) 
Seat 7: Xaptal ($3.85 in chips) 
Seat 8: krazykat1 ($17.36 in chips) 
Seat 9: Dorex2007 ($5 in chips) 
Xaptal: posts small blind $0.02
krazykat1: posts big blind $0.05
sakuno36: sits out 
*** HOLE CARDS ***
Dealt to Dorex2007 [Ks Ts]
Dorex2007: raises $0.10 to $0.15
KOCETO_1992: folds 
Ewol17: calls $0.15
Herbert CNR: folds 
louis1978207: folds 
Xaptal: folds 
krazykat1: calls $0.10
*** FLOP *** [3d Tc 2c]
krazykat1: bets $0.45
Dorex2007: raises $4.40 to $4.85 and is all-in
Ewol17: folds 
krazykat1: folds 
Uncalled bet ($4.40) returned to Dorex2007
Dorex2007 collected $1.31 from pot
Dorex2007: doesn't show hand 
*** SUMMARY ***
Total pot $1.37 | Rake $0.06 
Board [3d Tc 2c]
Seat 2: KOCETO_1992 folded before Flop (didn't bet)
Seat 4: Ewol17 folded on the Flop
Seat 5: Herbert CNR folded before Flop (didn't bet)
Seat 6: louis1978207 (button) folded before Flop (didn't bet)
Seat 7: Xaptal (small blind) folded before Flop
Seat 8: krazykat1 (big blind) folded on the Flop
Seat 9: Dorex2007 collected ($1.31)



PokerStars Hand #238200711471:  Hold'em No Limit ($0.02/$0.05 USD) - 2022/08/24 21:16:47 PT [2022/08/25 0:16:47 ET]
Table 'Aenna' 9-max Seat #7 is the button
Seat 2: KOCETO_1992 ($3.80 in chips) 
Seat 4: Ewol17 ($3.80 in chips) 
Seat 5: Herbert CNR ($4.53 in chips) 
Seat 6: louis1978207 ($5.63 in chips) 
Seat 7: Xaptal ($3.83 in chips) 
Seat 8: krazykat1 ($16.76 in chips) 
Seat 9: Dorex2007 ($5.71 in chips) 
krazykat1: posts small blind $0.02
Dorex2007: posts big blind $0.05
sakuno36: sits out 
*** HOLE CARDS ***
Dealt to Dorex2007 [Td 4s]
KOCETO_1992: folds 
Ewol17: folds 
Herbert CNR: folds 
louis1978207: folds 
Xaptal: raises $0.12 to $0.17
krazykat1: calls $0.15
Dorex2007: folds 
*** FLOP *** [9c 3c Qd]
krazykat1: checks 
Xaptal: checks 
*** TURN *** [9c 3c Qd] [Qc]
krazykat1: checks 
Xaptal: checks 
*** RIVER *** [9c 3c Qd Qc] [Jd]
krazykat1: bets $0.37
Xaptal: folds 
Uncalled bet ($0.37) returned to krazykat1
krazykat1 collected $0.37 from pot
krazykat1: doesn't show hand 
*** SUMMARY ***
Total pot $0.39 | Rake $0.02 
Board [9c 3c Qd Qc Jd]
Seat 2: KOCETO_1992 folded before Flop (didn't bet)
Seat 4: Ewol17 folded before Flop (didn't bet)
Seat 5: Herbert CNR folded before Flop (didn't bet)
Seat 6: louis1978207 folded before Flop (didn't bet)
Seat 7: Xaptal (button) folded on the River
Seat 8: krazykat1 (small blind) collected ($0.37)
Seat 9: Dorex2007 (big blind) folded before Flop



PokerStars Hand #238200717253:  Hold'em No Limit ($0.02/$0.05 USD) - 2022/08/24 21:17:32 PT [2022/08/25 0:17:32 ET]
Table 'Aenna' 9-max Seat #8 is the button
Seat 1: sakuno36 ($5 in chips) 
Seat 2: KOCETO_1992 ($3.80 in chips) 
Seat 4: Ewol17 ($3.80 in chips) 
Seat 5: Herbert CNR ($4.53 in chips) 
Seat 6: louis1978207 ($5.63 in chips) 
Seat 7: Xaptal ($3.66 in chips) 
Seat 8: krazykat1 ($16.96 in chips) 
Seat 9: Dorex2007 ($5.66 in chips) 
Dorex2007: posts small blind $0.02
sakuno36: posts big blind $0.05
*** HOLE CARDS ***
Dealt to Dorex2007 [9h 7d]
KOCETO_1992: raises $0.07 to $0.12
Ewol17: folds 
Herbert CNR: folds 
louis1978207: folds 
Xaptal: folds 
krazykat1: calls $0.12
Dorex2007: folds 
sakuno36: folds 
*** FLOP *** [6d 6h 7s]
KOCETO_1992: bets $0.10
krazykat1: raises $0.30 to $0.40
KOCETO_1992: folds 
Uncalled bet ($0.30) returned to krazykat1
krazykat1 collected $0.49 from pot
krazykat1: doesn't show hand 
*** SUMMARY ***
Total pot $0.51 | Rake $0.02 
Board [6d 6h 7s]
Seat 1: sakuno36 (big blind) folded before Flop
Seat 2: KOCETO_1992 folded on the Flop
Seat 4: Ewol17 folded before Flop (didn't bet)
Seat 5: Herbert CNR folded before Flop (didn't bet)
Seat 6: louis1978207 folded before Flop (didn't bet)
Seat 7: Xaptal folded before Flop (didn't bet)
Seat 8: krazykat1 (button) collected ($0.49)
Seat 9: Dorex2007 (small blind) folded before Flop



PokerStars Hand #238200723089:  Hold'em No Limit ($0.02/$0.05 USD) - 2022/08/24 21:18:19 PT [2022/08/25 0:18:19 ET]
Table 'Aenna' 9-max Seat #9 is the button
Seat 1: sakuno36 ($4.95 in chips) 
Seat 2: KOCETO_1992 ($4 in chips) 
Seat 4: Ewol17 ($3.80 in chips) 
Seat 5: Herbert CNR ($4.53 in chips) 
Seat 6: louis1978207 ($5.63 in chips) 
Seat 7: Xaptal ($3.66 in chips) 
Seat 8: krazykat1 ($17.23 in chips) 
Seat 9: Dorex2007 ($5.64 in chips) 
sakuno36: posts small blind $0.02
KOCETO_1992: posts big blind $0.05
*** HOLE CARDS ***
Dealt to Dorex2007 [3h 9s]
Ewol17: raises $0.05 to $0.10
CasinoReal46 joins the table at seat #3 
Herbert CNR: folds 
louis1978207: folds 
Xaptal: folds 
krazykat1: raises $0.40 to $0.50
Dorex2007: folds 
sakuno36: folds 
KOCETO_1992: folds 
Ewol17: folds 
Uncalled bet ($0.40) returned to krazykat1
krazykat1 collected $0.27 from pot
krazykat1: doesn't show hand 
*** SUMMARY ***
Total pot $0.27 | Rake $0 
Seat 1: sakuno36 (small blind) folded before Flop
Seat 2: KOCETO_1992 (big blind) folded before Flop
Seat 4: Ewol17 folded before Flop
Seat 5: Herbert CNR folded before Flop (didn't bet)
Seat 6: louis1978207 folded before Flop (didn't bet)
Seat 7: Xaptal folded before Flop (didn't bet)
Seat 8: krazykat1 collected ($0.27)
Seat 9: Dorex2007 (button) folded before Flop (didn't bet)



PokerStars Hand #238200726771:  Hold'em No Limit ($0.02/$0.05 USD) - 2022/08/24 21:18:47 PT [2022/08/25 0:18:47 ET]
Table 'Aenna' 9-max Seat #1 is the button
Seat 1: sakuno36 ($4.93 in chips) 
Seat 2: KOCETO_1992 ($3.95 in chips) 
Seat 3: CasinoReal46 ($3 in chips) 
Seat 4: Ewol17 ($3.70 in chips) 
Seat 5: Herbert CNR ($4.53 in chips) 
Seat 6: louis1978207 ($5.63 in chips) 
Seat 7: Xaptal ($3.66 in chips) 
Seat 8: krazykat1 ($17.40 in chips) 
Seat 9: Dorex2007 ($5.64 in chips) 
KOCETO_1992: posts small blind $0.02
CasinoReal46: posts big blind $0.05
*** HOLE CARDS ***
Dealt to Dorex2007 [7c 7s]
Ewol17: folds 
Herbert CNR: folds 
louis1978207: folds 
Xaptal: folds 
krazykat1: folds 
Dorex2007: calls $0.05
sakuno36: folds 
KOCETO_1992: folds 
CasinoReal46: checks 
*** FLOP *** [Qd Js Qs]
CasinoReal46: checks 
Dorex2007: checks 
*** TURN *** [Qd Js Qs] [8h]
CasinoReal46: checks 
Dorex2007: bets $0.08
CasinoReal46: folds 
Uncalled bet ($0.08) returned to Dorex2007
Dorex2007 collected $0.12 from pot
Dorex2007: doesn't show hand 
*** SUMMARY ***
Total pot $0.12 | Rake $0 
Board [Qd Js Qs 8h]
Seat 1: sakuno36 (button) folded before Flop (didn't bet)
Seat 2: KOCETO_1992 (small blind) folded before Flop
Seat 3: CasinoReal46 (big blind) folded on the Turn
Seat 4: Ewol17 folded before Flop (didn't bet)
Seat 5: Herbert CNR folded before Flop (didn't bet)
Seat 6: louis1978207 folded before Flop (didn't bet)
Seat 7: Xaptal folded before Flop (didn't bet)
Seat 8: krazykat1 folded before Flop (didn't bet)
Seat 9: Dorex2007 collected ($0.12)



PokerStars Hand #238200731555:  Hold'em No Limit ($0.02/$0.05 USD) - 2022/08/24 21:19:25 PT [2022/08/25 0:19:25 ET]
Table 'Aenna' 9-max Seat #2 is the button
Seat 1: sakuno36 ($4.93 in chips) 
Seat 2: KOCETO_1992 ($3.93 in chips) 
Seat 3: CasinoReal46 ($2.95 in chips) 
Seat 4: Ewol17 ($3.70 in chips) 
Seat 5: Herbert CNR ($4.53 in chips) 
Seat 6: louis1978207 ($5.63 in chips) 
Seat 7: Xaptal ($3.66 in chips) 
Seat 8: krazykat1 ($17.40 in chips) 
Seat 9: Dorex2007 ($5.71 in chips) 
CasinoReal46: posts small blind $0.02
Ewol17: posts big blind $0.05
*** HOLE CARDS ***
Dealt to Dorex2007 [3d Qh]
Herbert CNR: folds 
louis1978207: folds 
Xaptal: folds 
krazykat1: raises $0.20 to $0.25
Dorex2007: folds 
sakuno36: folds 
KOCETO_1992: folds 
CasinoReal46: folds 
Ewol17: folds 
Uncalled bet ($0.20) returned to krazykat1
krazykat1 collected $0.12 from pot
krazykat1: doesn't show hand 
*** SUMMARY ***
Total pot $0.12 | Rake $0 
Seat 1: sakuno36 folded before Flop (didn't bet)
Seat 2: KOCETO_1992 (button) folded before Flop (didn't bet)
Seat 3: CasinoReal46 (small blind) folded before Flop
Seat 4: Ewol17 (big blind) folded before Flop
Seat 5: Herbert CNR folded before Flop (didn't bet)
Seat 6: louis1978207 folded before Flop (didn't bet)
Seat 7: Xaptal folded before Flop (didn't bet)
Seat 8: krazykat1 collected ($0.12)
Seat 9: Dorex2007 folded before Flop (didn't bet)



PokerStars Hand #238200733760:  Hold'em No Limit ($0.02/$0.05 USD) - 2022/08/24 21:19:43 PT [2022/08/25 0:19:43 ET]
Table 'Aenna' 9-max Seat #3 is the button
Seat 1: sakuno36 ($4.93 in chips) 
Seat 2: KOCETO_1992 ($3.93 in chips) 
Seat 3: CasinoReal46 ($2.93 in chips) 
Seat 4: Ewol17 ($3.65 in chips) 
Seat 5: Herbert CNR ($4.53 in chips) 
Seat 6: louis1978207 ($5.63 in chips) 
Seat 7: Xaptal ($3.66 in chips) 
Seat 8: krazykat1 ($17.47 in chips) 
Seat 9: Dorex2007 ($5.71 in chips) 
Ewol17: posts small blind $0.02
Herbert CNR: posts big blind $0.05
*** HOLE CARDS ***
Dealt to Dorex2007 [Js 2s]
louis1978207: folds 
Xaptal: folds 
krazykat1: folds 
Dorex2007: folds 
sakuno36: folds 
KOCETO_1992: folds 
CasinoReal46: folds 
Ewol17: folds 
Uncalled bet ($0.03) returned to Herbert CNR
Herbert CNR collected $0.04 from pot
Herbert CNR: doesn't show hand 
*** SUMMARY ***
Total pot $0.04 | Rake $0 
Seat 1: sakuno36 folded before Flop (didn't bet)
Seat 2: KOCETO_1992 folded before Flop (didn't bet)
Seat 3: CasinoReal46 (button) folded before Flop (didn't bet)
Seat 4: Ewol17 (small blind) folded before Flop
Seat 5: Herbert CNR (big blind) collected ($0.04)
Seat 6: louis1978207 folded before Flop (didn't bet)
Seat 7: Xaptal folded before Flop (didn't bet)
Seat 8: krazykat1 folded before Flop (didn't bet)
Seat 9: Dorex2007 folded before Flop (didn't bet)



PokerStars Hand #238200737036:  Hold'em No Limit ($0.02/$0.05 USD) - 2022/08/24 21:20:09 PT [2022/08/25 0:20:09 ET]
Table 'Aenna' 9-max Seat #4 is the button
Seat 1: sakuno36 ($4.93 in chips) 
Seat 2: KOCETO_1992 ($3.93 in chips) 
Seat 3: CasinoReal46 ($2.93 in chips) 
Seat 4: Ewol17 ($3.63 in chips) 
Seat 5: Herbert CNR ($4.55 in chips) 
Seat 6: louis1978207 ($5.63 in chips) 
Seat 7: Xaptal ($3.66 in chips) 
Seat 8: krazykat1 ($17.47 in chips) 
Seat 9: Dorex2007 ($5.71 in chips) 
Herbert CNR: posts small blind $0.02
louis1978207: posts big blind $0.05
*** HOLE CARDS ***
Dealt to Dorex2007 [Ac 8s]
Xaptal: raises $0.10 to $0.15
krazykat1: calls $0.15
Dorex2007: folds 
sakuno36: folds 
KOCETO_1992: folds 
CasinoReal46: folds 
Ewol17: folds 
Herbert CNR: folds 
louis1978207: calls $0.10
*** FLOP *** [9h 5d 7c]
louis1978207: checks 
Xaptal: checks 
krazykat1: bets $0.45
louis1978207: folds 
Xaptal: calls $0.45
*** TURN *** [9h 5d 7c] [As]
Xaptal: checks 
krazykat1: bets $1.31
Xaptal: raises $1.75 to $3.06 and is all-in
krazykat1: calls $1.75
*** RIVER *** [9h 5d 7c As] [Qd]
*** SHOW DOWN ***
Xaptal: shows [9c 9d] (three of a kind, Nines)
krazykat1: shows [Ad 3d] (a pair of Aces)
Xaptal collected $7.18 from pot
*** SUMMARY ***
Total pot $7.49 | Rake $0.31 
Board [9h 5d 7c As Qd]
Seat 1: sakuno36 folded before Flop (didn't bet)
Seat 2: KOCETO_1992 folded before Flop (didn't bet)
Seat 3: CasinoReal46 folded before Flop (didn't bet)
Seat 4: Ewol17 (button) folded before Flop (didn't bet)
Seat 5: Herbert CNR (small blind) folded before Flop
Seat 6: louis1978207 (big blind) folded on the Flop
Seat 7: Xaptal showed [9c 9d] and won ($7.18) with three of a kind, Nines
Seat 8: krazykat1 showed [Ad 3d] and lost with a pair of Aces
Seat 9: Dorex2007 folded before Flop (didn't bet)



PokerStars Hand #238200748678:  Hold'em No Limit ($0.02/$0.05 USD) - 2022/08/24 21:21:42 PT [2022/08/25 0:21:42 ET]
Table 'Aenna' 9-max Seat #5 is the button
Seat 1: sakuno36 ($4.93 in chips) 
Seat 2: KOCETO_1992 ($3.93 in chips) 
Seat 3: CasinoReal46 ($2.93 in chips) 
Seat 4: Ewol17 ($3.63 in chips) 
Seat 5: Herbert CNR ($4.53 in chips) 
Seat 6: louis1978207 ($5.48 in chips) 
Seat 7: Xaptal ($7.18 in chips) 
Seat 8: krazykat1 ($13.81 in chips) 
Seat 9: Dorex2007 ($5.71 in chips) 
louis1978207: posts small blind $0.02
Xaptal: posts big blind $0.05
*** HOLE CARDS ***
Dealt to Dorex2007 [5d Tc]
krazykat1: folds 
Dorex2007: folds 
sakuno36: folds 
KOCETO_1992: folds 
CasinoReal46: raises $0.05 to $0.10
Ewol17: folds 
Herbert CNR: folds 
louis1978207: folds 
Xaptal: calls $0.05
*** FLOP *** [3c As 6c]
Xaptal: checks 
CasinoReal46: bets $0.10
Xaptal: folds 
Uncalled bet ($0.10) returned to CasinoReal46
CasinoReal46 collected $0.21 from pot
CasinoReal46: doesn't show hand 
*** SUMMARY ***
Total pot $0.22 | Rake $0.01 
Board [3c As 6c]
Seat 1: sakuno36 folded before Flop (didn't bet)
Seat 2: KOCETO_1992 folded before Flop (didn't bet)
Seat 3: CasinoReal46 collected ($0.21)
Seat 4: Ewol17 folded before Flop (didn't bet)
Seat 5: Herbert CNR (button) folded before Flop (didn't bet)
Seat 6: louis1978207 (small blind) folded before Flop
Seat 7: Xaptal (big blind) folded on the Flop
Seat 8: krazykat1 folded before Flop (didn't bet)
Seat 9: Dorex2007 folded before Flop (didn't bet)



PokerStars Hand #238200757128:  Hold'em No Limit ($0.02/$0.05 USD) - 2022/08/24 21:22:50 PT [2022/08/25 0:22:50 ET]
Table 'Aenna' 9-max Seat #6 is the button
Seat 1: sakuno36 ($4.93 in chips) 
Seat 2: KOCETO_1992 ($3.93 in chips) 
Seat 3: CasinoReal46 ($3.04 in chips) 
Seat 4: Ewol17 ($3.63 in chips) 
Seat 5: Herbert CNR ($4.53 in chips) 
Seat 6: louis1978207 ($5.46 in chips) 
Seat 7: Xaptal ($7.08 in chips) 
Seat 8: krazykat1 ($13.81 in chips) 
Seat 9: Dorex2007 ($5.71 in chips) 
Xaptal: posts small blind $0.02
krazykat1: posts big blind $0.05
*** HOLE CARDS ***
Dealt to Dorex2007 [Tc 5s]
Dorex2007: folds 
sakuno36: raises $0.10 to $0.15
KOCETO_1992: folds 
CasinoReal46: folds 
Ewol17: folds 
Herbert CNR: folds 
louis1978207: folds 
Xaptal: folds 
krazykat1: calls $0.10
*** FLOP *** [6d 5h 2d]
krazykat1: checks 
sakuno36: bets $0.30
krazykat1: raises $0.55 to $0.85
sakuno36: raises $3.93 to $4.78 and is all-in
krazykat1: calls $3.93
*** TURN *** [6d 5h 2d] [6h]
*** RIVER *** [6d 5h 2d 6h] [Kc]
*** SHOW DOWN ***
krazykat1: shows [3h 4c] (a straight, Deuce to Six)
sakuno36: shows [Kd Ks] (a full house, Kings full of Sixes)
sakuno36 collected $9.47 from pot
*** SUMMARY ***
Total pot $9.88 | Rake $0.41 
Board [6d 5h 2d 6h Kc]
Seat 1: sakuno36 showed [Kd Ks] and won ($9.47) with a full house, Kings full of Sixes
Seat 2: KOCETO_1992 folded before Flop (didn't bet)
Seat 3: CasinoReal46 folded before Flop (didn't bet)
Seat 4: Ewol17 folded before Flop (didn't bet)
Seat 5: Herbert CNR folded before Flop (didn't bet)
Seat 6: louis1978207 (button) folded before Flop (didn't bet)
Seat 7: Xaptal (small blind) folded before Flop
Seat 8: krazykat1 (big blind) showed [3h 4c] and lost with a straight, Deuce to Six
Seat 9: Dorex2007 folded before Flop (didn't bet)



PokerStars Hand #238200764269:  Hold'em No Limit ($0.02/$0.05 USD) - 2022/08/24 21:23:47 PT [2022/08/25 0:23:47 ET]
Table 'Aenna' 9-max Seat #7 is the button
Seat 1: sakuno36 ($9.47 in chips) 
Seat 2: KOCETO_1992 ($3.93 in chips) 
Seat 3: CasinoReal46 ($3.04 in chips) 
Seat 4: Ewol17 ($3.63 in chips) 
Seat 5: Herbert CNR ($4.53 in chips) 
Seat 6: louis1978207 ($5.46 in chips) 
Seat 7: Xaptal ($7.06 in chips) 
Seat 8: krazykat1 ($8.88 in chips) 
Seat 9: Dorex2007 ($5.71 in chips) 
krazykat1: posts small blind $0.02
Dorex2007: posts big blind $0.05
*** HOLE CARDS ***
Dealt to Dorex2007 [Qh 5c]
sakuno36: folds 
KOCETO_1992: raises $0.07 to $0.12
CasinoReal46: folds 
Ewol17: folds 
Herbert CNR: folds 
louis1978207: calls $0.12
Xaptal: folds 
krazykat1: folds 
Dorex2007: folds 
*** FLOP *** [2h 2c Js]
KOCETO_1992: bets $0.10
louis1978207: calls $0.10
*** TURN *** [2h 2c Js] [Kc]
KOCETO_1992: checks 
louis1978207: checks 
*** RIVER *** [2h 2c Js Kc] [Td]
KOCETO_1992: bets $0.24
louis1978207: folds 
Uncalled bet ($0.24) returned to KOCETO_1992
KOCETO_1992 collected $0.49 from pot
*** SUMMARY ***
Total pot $0.51 | Rake $0.02 
Board [2h 2c Js Kc Td]
Seat 1: sakuno36 folded before Flop (didn't bet)
Seat 2: KOCETO_1992 collected ($0.49)
Seat 3: CasinoReal46 folded before Flop (didn't bet)
Seat 4: Ewol17 folded before Flop (didn't bet)
Seat 5: Herbert CNR folded before Flop (didn't bet)
Seat 6: louis1978207 folded on the River
Seat 7: Xaptal (button) folded before Flop (didn't bet)
Seat 8: krazykat1 (small blind) folded before Flop
Seat 9: Dorex2007 (big blind) folded before Flop



PokerStars Hand #238200774417:  Hold'em No Limit ($0.02/$0.05 USD) - 2022/08/24 21:25:08 PT [2022/08/25 0:25:08 ET]
Table 'Aenna' 9-max Seat #8 is the button
Seat 1: sakuno36 ($9.47 in chips) 
Seat 2: KOCETO_1992 ($4.20 in chips) 
Seat 3: CasinoReal46 ($3.04 in chips) 
Seat 4: Ewol17 ($3.63 in chips) 
Seat 5: Herbert CNR ($4.53 in chips) 
Seat 6: louis1978207 ($5.24 in chips) 
Seat 7: Xaptal ($7.06 in chips) 
Seat 8: krazykat1 ($8.86 in chips) 
Seat 9: Dorex2007 ($5.66 in chips) 
Dorex2007: posts small blind $0.02
sakuno36: posts big blind $0.05
*** HOLE CARDS ***
Dealt to Dorex2007 [Kd 3h]
KOCETO_1992: folds 
CasinoReal46: folds 
Ewol17: raises $0.12 to $0.17
Herbert CNR: folds 
louis1978207: calls $0.17
Xaptal: folds 
krazykat1: calls $0.17
Dorex2007: folds 
sakuno36: folds 
*** FLOP *** [Jh 6s 3s]
Ewol17: checks 
louis1978207: bets $0.33
krazykat1: raises $1.22 to $1.55
Ewol17: folds 
louis1978207: calls $1.22
*** TURN *** [Jh 6s 3s] [7h]
louis1978207: checks 
krazykat1: bets $3.53
louis1978207: calls $3.52 and is all-in
Uncalled bet ($0.01) returned to krazykat1
*** RIVER *** [Jh 6s 3s 7h] [2s]
*** SHOW DOWN ***
louis1978207: shows [Ad Js] (a pair of Jacks)
krazykat1: shows [8h 6h] (a pair of Sixes)
louis1978207 collected $10.28 from pot
krazykat1 cashed out the hand for $3.24 | Cash Out Fee $0.03
*** SUMMARY ***
Total pot $10.72 | Rake $0.44 
Board [Jh 6s 3s 7h 2s]
Seat 1: sakuno36 (big blind) folded before Flop
Seat 2: KOCETO_1992 folded before Flop (didn't bet)
Seat 3: CasinoReal46 folded before Flop (didn't bet)
Seat 4: Ewol17 folded on the Flop
Seat 5: Herbert CNR folded before Flop (didn't bet)
Seat 6: louis1978207 showed [Ad Js] and won ($10.28) with a pair of Jacks
Seat 7: Xaptal folded before Flop (didn't bet)
Seat 8: krazykat1 (button) showed [8h 6h] and lost with a pair of Sixes (cashed out).
Seat 9: Dorex2007 (small blind) folded before Flop



PokerStars Hand #238200783317:  Hold'em No Limit ($0.02/$0.05 USD) - 2022/08/24 21:26:19 PT [2022/08/25 0:26:19 ET]
Table 'Aenna' 9-max Seat #9 is the button
Seat 1: sakuno36 ($9.42 in chips) 
Seat 2: KOCETO_1992 ($4.20 in chips) 
Seat 3: CasinoReal46 ($3.04 in chips) 
Seat 4: Ewol17 ($3.46 in chips) 
Seat 5: Herbert CNR ($4.53 in chips) 
Seat 6: louis1978207 ($10.28 in chips) 
Seat 7: Xaptal ($7.06 in chips) 
Seat 8: krazykat1 ($6.86 in chips) 
Seat 9: Dorex2007 ($5.64 in chips) 
sakuno36: posts small blind $0.02
KOCETO_1992: posts big blind $0.05
*** HOLE CARDS ***
Dealt to Dorex2007 [2c Kh]
CasinoReal46: folds 
Ewol17: folds 
Herbert CNR: folds 
louis1978207: folds 
Xaptal: folds 
krazykat1: raises $0.20 to $0.25
Dorex2007: folds 
sakuno36: calls $0.23
KOCETO_1992: folds 
*** FLOP *** [4s Kc 6s]
sakuno36: checks 
krazykat1: bets $0.53
sakuno36: calls $0.53
*** TURN *** [4s Kc 6s] [9s]
sakuno36: checks 
krazykat1: checks 
*** RIVER *** [4s Kc 6s 9s] [Js]
sakuno36: checks 
krazykat1: checks 
*** SHOW DOWN ***
sakuno36: shows [8c Ac] (high card Ace)
krazykat1: shows [Jd 8d] (a pair of Jacks)
krazykat1 collected $1.54 from pot
*** SUMMARY ***
Total pot $1.61 | Rake $0.07 
Board [4s Kc 6s 9s Js]
Seat 1: sakuno36 (small blind) showed [8c Ac] and lost with high card Ace
Seat 2: KOCETO_1992 (big blind) folded before Flop
Seat 3: CasinoReal46 folded before Flop (didn't bet)
Seat 4: Ewol17 folded before Flop (didn't bet)
Seat 5: Herbert CNR folded before Flop (didn't bet)
Seat 6: louis1978207 folded before Flop (didn't bet)
Seat 7: Xaptal folded before Flop (didn't bet)
Seat 8: krazykat1 showed [Jd 8d] and won ($1.54) with a pair of Jacks
Seat 9: Dorex2007 (button) folded before Flop (didn't bet)



PokerStars Hand #238200788459:  Hold'em No Limit ($0.02/$0.05 USD) - 2022/08/24 21:27:00 PT [2022/08/25 0:27:00 ET]
Table 'Aenna' 9-max Seat #1 is the button
Seat 1: sakuno36 ($8.64 in chips) 
Seat 2: KOCETO_1992 ($4.15 in chips) 
Seat 3: CasinoReal46 ($3.04 in chips) 
Seat 4: Ewol17 ($3.46 in chips) 
Seat 5: Herbert CNR ($4.53 in chips) 
Seat 6: louis1978207 ($10.28 in chips) 
Seat 7: Xaptal ($7.06 in chips) 
Seat 8: krazykat1 ($7.62 in chips) 
Seat 9: Dorex2007 ($5.64 in chips) 
KOCETO_1992: posts small blind $0.02
CasinoReal46: posts big blind $0.05
*** HOLE CARDS ***
Dealt to Dorex2007 [Tc 7d]
Ewol17: folds 
Herbert CNR: folds 
louis1978207: folds 
Xaptal: raises $0.12 to $0.17
krazykat1: calls $0.17
Dorex2007: folds 
sakuno36: folds 
KOCETO_1992: raises $0.53 to $0.70
CasinoReal46: folds 
Xaptal: folds 
krazykat1: calls $0.53
*** FLOP *** [3s Ac 5s]
KOCETO_1992: bets $0.47
krazykat1: folds 
Uncalled bet ($0.47) returned to KOCETO_1992
KOCETO_1992 collected $1.55 from pot
*** SUMMARY ***
Total pot $1.62 | Rake $0.07 
Board [3s Ac 5s]
Seat 1: sakuno36 (button) folded before Flop (didn't bet)
Seat 2: KOCETO_1992 (small blind) collected ($1.55)
Seat 3: CasinoReal46 (big blind) folded before Flop
Seat 4: Ewol17 folded before Flop (didn't bet)
Seat 5: Herbert CNR folded before Flop (didn't bet)
Seat 6: louis1978207 folded before Flop (didn't bet)
Seat 7: Xaptal folded before Flop
Seat 8: krazykat1 folded on the Flop
Seat 9: Dorex2007 folded before Flop (didn't bet)



PokerStars Hand #238200792269:  Hold'em No Limit ($0.02/$0.05 USD) - 2022/08/24 21:27:30 PT [2022/08/25 0:27:30 ET]
Table 'Aenna' 9-max Seat #2 is the button
Seat 1: sakuno36 ($8.64 in chips) 
Seat 2: KOCETO_1992 ($5 in chips) 
Seat 3: CasinoReal46 ($2.99 in chips) 
Seat 4: Ewol17 ($3.46 in chips) 
Seat 5: Herbert CNR ($4.53 in chips) 
Seat 6: louis1978207 ($10.28 in chips) 
Seat 7: Xaptal ($6.89 in chips) 
Seat 8: krazykat1 ($6.92 in chips) 
Seat 9: Dorex2007 ($5.64 in chips) 
CasinoReal46: posts small blind $0.02
Ewol17: posts big blind $0.05
*** HOLE CARDS ***
Dealt to Dorex2007 [3d Ad]
Herbert CNR: folds 
louis1978207: folds 
Xaptal: folds 
krazykat1: folds 
Dorex2007: folds 
sakuno36: folds 
KOCETO_1992: raises $0.07 to $0.12
CasinoReal46: folds 
Ewol17: calls $0.07
*** FLOP *** [Kh Tc 4c]
Ewol17: checks 
KOCETO_1992: bets $0.10
Ewol17: calls $0.10
*** TURN *** [Kh Tc 4c] [4d]
Ewol17: checks 
KOCETO_1992: bets $0.24
Ewol17: folds 
Uncalled bet ($0.24) returned to KOCETO_1992
KOCETO_1992 collected $0.44 from pot
*** SUMMARY ***
Total pot $0.46 | Rake $0.02 
Board [Kh Tc 4c 4d]
Seat 1: sakuno36 folded before Flop (didn't bet)
Seat 2: KOCETO_1992 (button) collected ($0.44)
Seat 3: CasinoReal46 (small blind) folded before Flop
Seat 4: Ewol17 (big blind) folded on the Turn
Seat 5: Herbert CNR folded before Flop (didn't bet)
Seat 6: louis1978207 folded before Flop (didn't bet)
Seat 7: Xaptal folded before Flop (didn't bet)
Seat 8: krazykat1 folded before Flop (didn't bet)
Seat 9: Dorex2007 folded before Flop (didn't bet)



PokerStars Hand #238200799387:  Hold'em No Limit ($0.02/$0.05 USD) - 2022/08/24 21:28:28 PT [2022/08/25 0:28:28 ET]
Table 'Aenna' 9-max Seat #3 is the button
Seat 1: sakuno36 ($8.64 in chips) 
Seat 2: KOCETO_1992 ($5.22 in chips) 
Seat 3: CasinoReal46 ($2.97 in chips) 
Seat 4: Ewol17 ($3.24 in chips) 
Seat 5: Herbert CNR ($4.53 in chips) 
Seat 6: louis1978207 ($10.28 in chips) 
Seat 7: Xaptal ($6.89 in chips) 
Seat 8: krazykat1 ($6.92 in chips) 
Seat 9: Dorex2007 ($5.64 in chips) 
Ewol17: posts small blind $0.02
Herbert CNR: posts big blind $0.05
*** HOLE CARDS ***
Dealt to Dorex2007 [Qh 3d]
louis1978207: folds 
Xaptal: folds 
krazykat1: folds 
Dorex2007: folds 
sakuno36: folds 
KOCETO_1992: raises $0.07 to $0.12
CasinoReal46: folds 
Ewol17: folds 
Herbert CNR: folds 
Uncalled bet ($0.07) returned to KOCETO_1992
KOCETO_1992 collected $0.12 from pot
*** SUMMARY ***
Total pot $0.12 | Rake $0 
Seat 1: sakuno36 folded before Flop (didn't bet)
Seat 2: KOCETO_1992 collected ($0.12)
Seat 3: CasinoReal46 (button) folded before Flop (didn't bet)
Seat 4: Ewol17 (small blind) folded before Flop
Seat 5: Herbert CNR (big blind) folded before Flop
Seat 6: louis1978207 folded before Flop (didn't bet)
Seat 7: Xaptal folded before Flop (didn't bet)
Seat 8: krazykat1 folded before Flop (didn't bet)
Seat 9: Dorex2007 folded before Flop (didn't bet)



PokerStars Hand #238200802825:  Hold'em No Limit ($0.02/$0.05 USD) - 2022/08/24 21:28:55 PT [2022/08/25 0:28:55 ET]
Table 'Aenna' 9-max Seat #4 is the button
Seat 1: sakuno36 ($8.64 in chips) 
Seat 2: KOCETO_1992 ($5.29 in chips) 
Seat 3: CasinoReal46 ($2.97 in chips) 
Seat 4: Ewol17 ($3.22 in chips) 
Seat 5: Herbert CNR ($4.48 in chips) 
Seat 6: louis1978207 ($10.28 in chips) 
Seat 7: Xaptal ($6.89 in chips) 
Seat 8: krazykat1 ($6.92 in chips) 
Seat 9: Dorex2007 ($5.64 in chips) 
Herbert CNR: posts small blind $0.02
louis1978207: posts big blind $0.05
*** HOLE CARDS ***
Dealt to Dorex2007 [6s 4h]
Xaptal: folds 
krazykat1: raises $0.20 to $0.25
Dorex2007: folds 
sakuno36: folds 
KOCETO_1992: folds 
CasinoReal46: folds 
Ewol17: folds 
Herbert CNR: calls $0.23
louis1978207: calls $0.20
*** FLOP *** [7s 3s Ad]
Herbert CNR: checks 
louis1978207: checks 
krazykat1: bets $0.72
Herbert CNR: folds 
louis1978207: calls $0.72
*** TURN *** [7s 3s Ad] [Jd]
louis1978207: bets $1.05
krazykat1: raises $4.20 to $5.25
louis1978207: calls $4.20
*** RIVER *** [7s 3s Ad Jd] [8h]
louis1978207: bets $0.80
krazykat1: calls $0.70 and is all-in
Uncalled bet ($0.10) returned to louis1978207
*** SHOW DOWN ***
louis1978207: shows [Kd Ah] (a pair of Aces)
krazykat1: shows [8s As] (two pair, Aces and Eights)
krazykat1 collected $13.51 from pot
*** SUMMARY ***
Total pot $14.09 | Rake $0.58 
Board [7s 3s Ad Jd 8h]
Seat 1: sakuno36 folded before Flop (didn't bet)
Seat 2: KOCETO_1992 folded before Flop (didn't bet)
Seat 3: CasinoReal46 folded before Flop (didn't bet)
Seat 4: Ewol17 (button) folded before Flop (didn't bet)
Seat 5: Herbert CNR (small blind) folded on the Flop
Seat 6: louis1978207 (big blind) showed [Kd Ah] and lost with a pair of Aces
Seat 7: Xaptal folded before Flop (didn't bet)
Seat 8: krazykat1 showed [8s As] and won ($13.51) with two pair, Aces and Eights
Seat 9: Dorex2007 folded before Flop (didn't bet)



PokerStars Hand #238200810700:  Hold'em No Limit ($0.02/$0.05 USD) - 2022/08/24 21:29:59 PT [2022/08/25 0:29:59 ET]
Table 'Aenna' 9-max Seat #5 is the button
Seat 1: sakuno36 ($8.64 in chips) 
Seat 2: KOCETO_1992 ($5.29 in chips) 
Seat 3: CasinoReal46 ($2.97 in chips) 
Seat 4: Ewol17 ($3.22 in chips) 
Seat 5: Herbert CNR ($4.23 in chips) 
Seat 6: louis1978207 ($3.36 in chips) 
Seat 7: Xaptal ($6.89 in chips) 
Seat 8: krazykat1 ($13.51 in chips) 
Seat 9: Dorex2007 ($5.64 in chips) 
louis1978207: posts small blind $0.02
Xaptal: posts big blind $0.05
*** HOLE CARDS ***
Dealt to Dorex2007 [9s Tc]
krazykat1: folds 
Dorex2007: folds 
sakuno36: folds 
KOCETO_1992: folds 
CasinoReal46: calls $0.05
Ewol17: folds 
Herbert CNR: calls $0.05
louis1978207: folds 
Xaptal: checks 
*** FLOP *** [7s Kc 6d]
Xaptal: checks 
CasinoReal46: bets $0.16
Herbert CNR: folds 
Xaptal: folds 
Uncalled bet ($0.16) returned to CasinoReal46
CasinoReal46 collected $0.16 from pot
CasinoReal46: doesn't show hand 
*** SUMMARY ***
Total pot $0.17 | Rake $0.01 
Board [7s Kc 6d]
Seat 1: sakuno36 folded before Flop (didn't bet)
Seat 2: KOCETO_1992 folded before Flop (didn't bet)
Seat 3: CasinoReal46 collected ($0.16)
Seat 4: Ewol17 folded before Flop (didn't bet)
Seat 5: Herbert CNR (button) folded on the Flop
Seat 6: louis1978207 (small blind) folded before Flop
Seat 7: Xaptal (big blind) folded on the Flop
Seat 8: krazykat1 folded before Flop (didn't bet)
Seat 9: Dorex2007 folded before Flop (didn't bet)



PokerStars Hand #238200816980:  Hold'em No Limit ($0.02/$0.05 USD) - 2022/08/24 21:30:49 PT [2022/08/25 0:30:49 ET]
Table 'Aenna' 9-max Seat #6 is the button
Seat 1: sakuno36 ($8.64 in chips) 
Seat 2: KOCETO_1992 ($5.29 in chips) 
Seat 3: CasinoReal46 ($3.08 in chips) 
Seat 4: Ewol17 ($3.22 in chips) 
Seat 5: Herbert CNR ($4.18 in chips) 
Seat 6: louis1978207 ($3.34 in chips) 
Seat 7: Xaptal ($6.84 in chips) 
Seat 8: krazykat1 ($13.51 in chips) 
Seat 9: Dorex2007 ($5.64 in chips) 
Xaptal: posts small blind $0.02
krazykat1: posts big blind $0.05
*** HOLE CARDS ***
Dealt to Dorex2007 [Jc Ks]
Dorex2007: folds 
sakuno36: folds 
KOCETO_1992: folds 
CasinoReal46: folds 
Ewol17: folds 
Herbert CNR has timed out
Herbert CNR: folds 
louis1978207: folds 
Xaptal: folds 
Uncalled bet ($0.03) returned to krazykat1
krazykat1 collected $0.04 from pot
krazykat1: doesn't show hand 
*** SUMMARY ***
Total pot $0.04 | Rake $0 
Seat 1: sakuno36 folded before Flop (didn't bet)
Seat 2: KOCETO_1992 folded before Flop (didn't bet)
Seat 3: CasinoReal46 folded before Flop (didn't bet)
Seat 4: Ewol17 folded before Flop (didn't bet)
Seat 5: Herbert CNR folded before Flop (didn't bet)
Seat 6: louis1978207 (button) folded before Flop (didn't bet)
Seat 7: Xaptal (small blind) folded before Flop
Seat 8: krazykat1 (big blind) collected ($0.04)
Seat 9: Dorex2007 folded before Flop (didn't bet)



PokerStars Hand #238200820277:  Hold'em No Limit ($0.02/$0.05 USD) - 2022/08/24 21:31:16 PT [2022/08/25 0:31:16 ET]
Table 'Aenna' 9-max Seat #7 is the button
Seat 1: sakuno36 ($8.64 in chips) 
Seat 2: KOCETO_1992 ($5.29 in chips) 
Seat 3: CasinoReal46 ($3.08 in chips) 
Seat 4: Ewol17 ($3.22 in chips) 
Seat 6: louis1978207 ($3.34 in chips) 
Seat 7: Xaptal ($6.82 in chips) 
Seat 8: krazykat1 ($13.53 in chips) 
Seat 9: Dorex2007 ($5.64 in chips) 
krazykat1: posts small blind $0.02
Dorex2007: posts big blind $0.05
*** HOLE CARDS ***
Dealt to Dorex2007 [6d Qs]
sakuno36: folds 
KOCETO_1992: folds 
CasinoReal46: folds 
Ewol17: folds 
louis1978207: folds 
Xaptal: raises $0.12 to $0.17
krazykat1: folds 
Dorex2007: folds 
Uncalled bet ($0.12) returned to Xaptal
Xaptal collected $0.12 from pot
Xaptal: doesn't show hand 
*** SUMMARY ***
Total pot $0.12 | Rake $0 
Seat 1: sakuno36 folded before Flop (didn't bet)
Seat 2: KOCETO_1992 folded before Flop (didn't bet)
Seat 3: CasinoReal46 folded before Flop (didn't bet)
Seat 4: Ewol17 folded before Flop (didn't bet)
Seat 6: louis1978207 folded before Flop (didn't bet)
Seat 7: Xaptal (button) collected ($0.12)
Seat 8: krazykat1 (small blind) folded before Flop
Seat 9: Dorex2007 (big blind) folded before Flop



PokerStars Hand #238200822407:  Hold'em No Limit ($0.02/$0.05 USD) - 2022/08/24 21:31:34 PT [2022/08/25 0:31:34 ET]
Table 'Aenna' 9-max Seat #8 is the button
Seat 1: sakuno36 ($8.64 in chips) 
Seat 2: KOCETO_1992 ($5.29 in chips) 
Seat 3: CasinoReal46 ($3.08 in chips) 
Seat 4: Ewol17 ($3.22 in chips) 
Seat 5: Herbert CNR ($4.18 in chips) 
Seat 6: louis1978207 ($3.34 in chips) 
Seat 7: Xaptal ($6.89 in chips) 
Seat 8: krazykat1 ($13.51 in chips) 
Seat 9: Dorex2007 ($5.59 in chips) 
Dorex2007: posts small blind $0.02
sakuno36: posts big blind $0.05
*** HOLE CARDS ***
Dealt to Dorex2007 [Qc Ac]
KOCETO_1992: folds 
CasinoReal46: folds 
Ewol17: raises $0.12 to $0.17
Herbert CNR: folds 
louis1978207: folds 
Xaptal: folds 
krazykat1: calls $0.17
Dorex2007: calls $0.15
sakuno36: folds 
*** FLOP *** [2h 4s 7d]
Dorex2007: checks 
Ewol17: bets $0.27
krazykat1: raises $1.08 to $1.35
Dorex2007: folds 
Ewol17: raises $1.70 to $3.05 and is all-in
krazykat1: calls $1.70
*** TURN *** [2h 4s 7d] [3c]
*** RIVER *** [2h 4s 7d 3c] [Ks]
*** SHOW DOWN ***
Ewol17: shows [Jc Jd] (a pair of Jacks)
krazykat1: shows [Ts 7c] (a pair of Sevens)
Ewol17 collected $6.38 from pot
krazykat1 cashed out the hand for $1.16 | Cash Out Fee $0.01
*** SUMMARY ***
Total pot $6.66 | Rake $0.28 
Board [2h 4s 7d 3c Ks]
Seat 1: sakuno36 (big blind) folded before Flop
Seat 2: KOCETO_1992 folded before Flop (didn't bet)
Seat 3: CasinoReal46 folded before Flop (didn't bet)
Seat 4: Ewol17 showed [Jc Jd] and won ($6.38) with a pair of Jacks
Seat 5: Herbert CNR folded before Flop (didn't bet)
Seat 6: louis1978207 folded before Flop (didn't bet)
Seat 7: Xaptal folded before Flop (didn't bet)
Seat 8: krazykat1 (button) showed [Ts 7c] and lost with a pair of Sevens (cashed out).
Seat 9: Dorex2007 (small blind) folded on the Flop



PokerStars Hand #238200830063:  Hold'em No Limit ($0.02/$0.05 USD) - 2022/08/24 21:32:37 PT [2022/08/25 0:32:37 ET]
Table 'Aenna' 9-max Seat #9 is the button
Seat 1: sakuno36 ($8.59 in chips) 
Seat 2: KOCETO_1992 ($5.29 in chips) 
Seat 3: CasinoReal46 ($3.08 in chips) 
Seat 4: Ewol17 ($6.38 in chips) 
Seat 5: Herbert CNR ($4.18 in chips) 
Seat 6: louis1978207 ($3.34 in chips) 
Seat 7: Xaptal ($6.89 in chips) 
Seat 8: krazykat1 ($11.45 in chips) 
Seat 9: Dorex2007 ($5.42 in chips) 
sakuno36: posts small blind $0.02
KOCETO_1992: posts big blind $0.05
*** HOLE CARDS ***
Dealt to Dorex2007 [8d 2h]
CasinoReal46: folds 
Ewol17: folds 
Herbert CNR: folds 
louis1978207: calls $0.05
Xaptal: raises $0.17 to $0.22
krazykat1: folds 
Dorex2007: folds 
sakuno36: folds 
KOCETO_1992: folds 
louis1978207: calls $0.17
*** FLOP *** [Jc Td Ks]
louis1978207: checks 
Xaptal: checks 
*** TURN *** [Jc Td Ks] [6d]
louis1978207: checks 
Xaptal: bets $0.24
louis1978207: calls $0.24
*** RIVER *** [Jc Td Ks 6d] [7c]
louis1978207: checks 
Xaptal: checks 
*** SHOW DOWN ***
louis1978207: shows [As Th] (a pair of Tens)
Xaptal: shows [Ac Ts] (a pair of Tens)
louis1978207 collected $0.48 from pot
Xaptal collected $0.47 from pot
*** SUMMARY ***
Total pot $0.99 | Rake $0.04 
Board [Jc Td Ks 6d 7c]
Seat 1: sakuno36 (small blind) folded before Flop
Seat 2: KOCETO_1992 (big blind) folded before Flop
Seat 3: CasinoReal46 folded before Flop (didn't bet)
Seat 4: Ewol17 folded before Flop (didn't bet)
Seat 5: Herbert CNR folded before Flop (didn't bet)
Seat 6: louis1978207 showed [As Th] and won ($0.48) with a pair of Tens
Seat 7: Xaptal showed [Ac Ts] and won ($0.47) with a pair of Tens
Seat 8: krazykat1 folded before Flop (didn't bet)
Seat 9: Dorex2007 (button) folded before Flop (didn't bet)



PokerStars Hand #238200836622:  Hold'em No Limit ($0.02/$0.05 USD) - 2022/08/24 21:33:31 PT [2022/08/25 0:33:31 ET]
Table 'Aenna' 9-max Seat #1 is the button
Seat 1: sakuno36 ($8.57 in chips) 
Seat 2: KOCETO_1992 ($5.24 in chips) 
Seat 3: CasinoReal46 ($3.08 in chips) 
Seat 4: Ewol17 ($6.38 in chips) 
Seat 5: Herbert CNR ($4.18 in chips) 
Seat 6: louis1978207 ($3.36 in chips) 
Seat 7: Xaptal ($6.90 in chips) 
Seat 8: krazykat1 ($11.45 in chips) 
Seat 9: Dorex2007 ($5.42 in chips) 
KOCETO_1992: posts small blind $0.02
CasinoReal46: posts big blind $0.05
*** HOLE CARDS ***
Dealt to Dorex2007 [Ad 8c]
Ewol17: folds 
Herbert CNR: calls $0.05
louis1978207: folds 
Xaptal: folds 
krazykat1 has timed out
krazykat1: folds 
Dorex2007: folds 
sakuno36: folds 
KOCETO_1992: folds 
CasinoReal46: checks 
*** FLOP *** [Qh 5d 9d]
CasinoReal46: checks 
Herbert CNR: checks 
*** TURN *** [Qh 5d 9d] [6c]
CasinoReal46: checks 
Herbert CNR: checks 
*** RIVER *** [Qh 5d 9d 6c] [7c]
CasinoReal46: checks 
Herbert CNR: checks 
*** SHOW DOWN ***
CasinoReal46: shows [Td Ah] (high card Ace)
Herbert CNR: shows [3h 3c] (a pair of Threes)
Herbert CNR collected $0.12 from pot
*** SUMMARY ***
Total pot $0.12 | Rake $0 
Board [Qh 5d 9d 6c 7c]
Seat 1: sakuno36 (button) folded before Flop (didn't bet)
Seat 2: KOCETO_1992 (small blind) folded before Flop
Seat 3: CasinoReal46 (big blind) showed [Td Ah] and lost with high card Ace
Seat 4: Ewol17 folded before Flop (didn't bet)
Seat 5: Herbert CNR showed [3h 3c] and won ($0.12) with a pair of Threes
Seat 6: louis1978207 folded before Flop (didn't bet)
Seat 7: Xaptal folded before Flop (didn't bet)
Seat 8: krazykat1 folded before Flop (didn't bet)
Seat 9: Dorex2007 folded before Flop (didn't bet)



PokerStars Hand #238200841527:  Hold'em No Limit ($0.02/$0.05 USD) - 2022/08/24 21:34:11 PT [2022/08/25 0:34:11 ET]
Table 'Aenna' 9-max Seat #2 is the button
Seat 1: sakuno36 ($8.57 in chips) 
Seat 2: KOCETO_1992 ($5.22 in chips) 
Seat 3: CasinoReal46 ($3.03 in chips) 
Seat 4: Ewol17 ($6.38 in chips) 
Seat 5: Herbert CNR ($4.25 in chips) 
Seat 6: louis1978207 ($3.36 in chips) 
Seat 7: Xaptal ($6.90 in chips) 
Seat 8: krazykat1 ($11.45 in chips) 
Seat 9: Dorex2007 ($5.42 in chips) 
CasinoReal46: posts small blind $0.02
Ewol17: posts big blind $0.05
*** HOLE CARDS ***
Dealt to Dorex2007 [Qs 3c]
Herbert CNR: folds 
louis1978207: folds 
Xaptal: folds 
krazykat1: raises $0.20 to $0.25
Dorex2007: folds 
sakuno36: folds 
KOCETO_1992: calls $0.25
CasinoReal46: folds 
Ewol17: folds 
*** FLOP *** [8h Tc Ts]
krazykat1: bets $0.55
KOCETO_1992: folds 
Uncalled bet ($0.55) returned to krazykat1
krazykat1 collected $0.55 from pot
krazykat1: doesn't show hand 
*** SUMMARY ***
Total pot $0.57 | Rake $0.02 
Board [8h Tc Ts]
Seat 1: sakuno36 folded before Flop (didn't bet)
Seat 2: KOCETO_1992 (button) folded on the Flop
Seat 3: CasinoReal46 (small blind) folded before Flop
Seat 4: Ewol17 (big blind) folded before Flop
Seat 5: Herbert CNR folded before Flop (didn't bet)
Seat 6: louis1978207 folded before Flop (didn't bet)
Seat 7: Xaptal folded before Flop (didn't bet)
Seat 8: krazykat1 collected ($0.55)
Seat 9: Dorex2007 folded before Flop (didn't bet)



PokerStars Hand #238200847748:  Hold'em No Limit ($0.02/$0.05 USD) - 2022/08/24 21:35:02 PT [2022/08/25 0:35:02 ET]
Table 'Aenna' 9-max Seat #3 is the button
Seat 1: sakuno36 ($8.57 in chips) 
Seat 2: KOCETO_1992 ($4.97 in chips) 
Seat 3: CasinoReal46 ($3.01 in chips) 
Seat 4: Ewol17 ($6.33 in chips) 
Seat 5: Herbert CNR ($4.25 in chips) 
Seat 6: louis1978207 ($3.36 in chips) 
Seat 7: Xaptal ($6.90 in chips) 
Seat 8: krazykat1 ($11.75 in chips) 
Seat 9: Dorex2007 ($5.42 in chips) 
Ewol17: posts small blind $0.02
Herbert CNR: posts big blind $0.05
*** HOLE CARDS ***
Dealt to Dorex2007 [Jh 2s]
louis1978207: folds 
Xaptal: raises $0.10 to $0.15
krazykat1: folds 
Dorex2007: folds 
sakuno36: folds 
KOCETO_1992: calls $0.15
CasinoReal46: calls $0.15
Ewol17: folds 
Herbert CNR: folds 
*** FLOP *** [Js 8c 9s]
Xaptal: bets $0.50
KOCETO_1992: folds 
CasinoReal46: folds 
Uncalled bet ($0.50) returned to Xaptal
Xaptal collected $0.50 from pot
Xaptal: doesn't show hand 
*** SUMMARY ***
Total pot $0.52 | Rake $0.02 
Board [Js 8c 9s]
Seat 1: sakuno36 folded before Flop (didn't bet)
Seat 2: KOCETO_1992 folded on the Flop
Seat 3: CasinoReal46 (button) folded on the Flop
Seat 4: Ewol17 (small blind) folded before Flop
Seat 5: Herbert CNR (big blind) folded before Flop
Seat 6: louis1978207 folded before Flop (didn't bet)
Seat 7: Xaptal collected ($0.50)
Seat 8: krazykat1 folded before Flop (didn't bet)
Seat 9: Dorex2007 folded before Flop (didn't bet)



PokerStars Hand #238200851447:  Hold'em No Limit ($0.02/$0.05 USD) - 2022/08/24 21:35:33 PT [2022/08/25 0:35:33 ET]
Table 'Aenna' 9-max Seat #4 is the button
Seat 1: sakuno36 ($8.57 in chips) 
Seat 2: KOCETO_1992 ($4.82 in chips) 
Seat 3: CasinoReal46 ($2.86 in chips) 
Seat 4: Ewol17 ($6.31 in chips) 
Seat 5: Herbert CNR ($4.20 in chips) 
Seat 6: louis1978207 ($3.36 in chips) 
Seat 7: Xaptal ($7.25 in chips) 
Seat 8: krazykat1 ($11.75 in chips) 
Seat 9: Dorex2007 ($5.42 in chips) 
Herbert CNR: posts small blind $0.02
louis1978207: posts big blind $0.05
*** HOLE CARDS ***
Dealt to Dorex2007 [3d Jh]
Xaptal: folds 
krazykat1: folds 
Dorex2007: folds 
sakuno36: folds 
KOCETO_1992: folds 
CasinoReal46: folds 
Ewol17: folds 
Herbert CNR: folds 
Uncalled bet ($0.03) returned to louis1978207
louis1978207 collected $0.04 from pot
louis1978207: doesn't show hand 
*** SUMMARY ***
Total pot $0.04 | Rake $0 
Seat 1: sakuno36 folded before Flop (didn't bet)
Seat 2: KOCETO_1992 folded before Flop (didn't bet)
Seat 3: CasinoReal46 folded before Flop (didn't bet)
Seat 4: Ewol17 (button) folded before Flop (didn't bet)
Seat 5: Herbert CNR (small blind) folded before Flop
Seat 6: louis1978207 (big blind) collected ($0.04)
Seat 7: Xaptal folded before Flop (didn't bet)
Seat 8: krazykat1 folded before Flop (didn't bet)
Seat 9: Dorex2007 folded before Flop (didn't bet)



PokerStars Hand #238200853168:  Hold'em No Limit ($0.02/$0.05 USD) - 2022/08/24 21:35:47 PT [2022/08/25 0:35:47 ET]
Table 'Aenna' 9-max Seat #5 is the button
Seat 1: sakuno36 ($8.57 in chips) 
Seat 2: KOCETO_1992 ($4.82 in chips) 
Seat 3: CasinoReal46 ($2.86 in chips) 
Seat 4: Ewol17 ($6.31 in chips) 
Seat 5: Herbert CNR ($4.18 in chips) 
Seat 6: louis1978207 ($3.38 in chips) 
Seat 7: Xaptal ($7.25 in chips) 
Seat 8: krazykat1 ($11.75 in chips) 
Seat 9: Dorex2007 ($5.42 in chips) 
louis1978207: posts small blind $0.02
Xaptal: posts big blind $0.05
*** HOLE CARDS ***
Dealt to Dorex2007 [2h 2d]
krazykat1: raises $0.20 to $0.25
Dorex2007: folds 
sakuno36: folds 
KOCETO_1992: folds 
CasinoReal46: folds 
Ewol17 has timed out
Ewol17: folds 
Herbert CNR: calls $0.25
louis1978207: folds 
Xaptal: folds 
*** FLOP *** [6c 4h 6s]
krazykat1: bets $0.55
Herbert CNR: folds 
Uncalled bet ($0.55) returned to krazykat1
krazykat1 collected $0.55 from pot
krazykat1: doesn't show hand 
*** SUMMARY ***
Total pot $0.57 | Rake $0.02 
Board [6c 4h 6s]
Seat 1: sakuno36 folded before Flop (didn't bet)
Seat 2: KOCETO_1992 folded before Flop (didn't bet)
Seat 3: CasinoReal46 folded before Flop (didn't bet)
Seat 4: Ewol17 folded before Flop (didn't bet)
Seat 5: Herbert CNR (button) folded on the Flop
Seat 6: louis1978207 (small blind) folded before Flop
Seat 7: Xaptal (big blind) folded before Flop
Seat 8: krazykat1 collected ($0.55)
Seat 9: Dorex2007 folded before Flop (didn't bet)



PokerStars Hand #238200858880:  Hold'em No Limit ($0.02/$0.05 USD) - 2022/08/24 21:36:35 PT [2022/08/25 0:36:35 ET]
Table 'Aenna' 9-max Seat #6 is the button
Seat 1: sakuno36 ($8.57 in chips) 
Seat 2: KOCETO_1992 ($4.82 in chips) 
Seat 3: CasinoReal46 ($2.86 in chips) 
Seat 5: Herbert CNR ($3.93 in chips) 
Seat 6: louis1978207 ($3.36 in chips) 
Seat 7: Xaptal ($7.20 in chips) 
Seat 8: krazykat1 ($12.05 in chips) 
Seat 9: Dorex2007 ($5.42 in chips) 
Xaptal: posts small blind $0.02
krazykat1: posts big blind $0.05
*** HOLE CARDS ***
Dealt to Dorex2007 [2s Ad]
Dorex2007: folds 
sakuno36: folds 
KOCETO_1992: raises $0.07 to $0.12
CasinoReal46: folds 
Herbert CNR: folds 
louis1978207: calls $0.12
Xaptal: folds 
krazykat1: calls $0.07
*** FLOP *** [8d Qd Jh]
krazykat1: checks 
KOCETO_1992: checks 
louis1978207: checks 
*** TURN *** [8d Qd Jh] [3d]
krazykat1: checks 
KOCETO_1992: checks 
louis1978207: bets $0.36
krazykat1: folds 
KOCETO_1992: folds 
Uncalled bet ($0.36) returned to louis1978207
louis1978207 collected $0.36 from pot
louis1978207: doesn't show hand 
*** SUMMARY ***
Total pot $0.38 | Rake $0.02 
Board [8d Qd Jh 3d]
Seat 1: sakuno36 folded before Flop (didn't bet)
Seat 2: KOCETO_1992 folded on the Turn
Seat 3: CasinoReal46 folded before Flop (didn't bet)
Seat 5: Herbert CNR folded before Flop (didn't bet)
Seat 6: louis1978207 (button) collected ($0.36)
Seat 7: Xaptal (small blind) folded before Flop
Seat 8: krazykat1 (big blind) folded on the Turn
Seat 9: Dorex2007 folded before Flop (didn't bet)



PokerStars Hand #238200866726:  Hold'em No Limit ($0.02/$0.05 USD) - 2022/08/24 21:37:40 PT [2022/08/25 0:37:40 ET]
Table 'Aenna' 9-max Seat #7 is the button
Seat 1: sakuno36 ($8.57 in chips) 
Seat 2: KOCETO_1992 ($4.70 in chips) 
Seat 3: CasinoReal46 ($2.86 in chips) 
Seat 4: Ewol17 ($6.31 in chips) 
Seat 5: Herbert CNR ($3.93 in chips) 
Seat 6: louis1978207 ($3.60 in chips) 
Seat 7: Xaptal ($7.18 in chips) 
Seat 8: krazykat1 ($11.93 in chips) 
Seat 9: Dorex2007 ($5.42 in chips) 
krazykat1: posts small blind $0.02
Dorex2007: posts big blind $0.05
*** HOLE CARDS ***
Dealt to Dorex2007 [5c 3h]
sakuno36: folds 
KOCETO_1992: raises $0.07 to $0.12
CasinoReal46: folds 
Ewol17: raises $0.21 to $0.33
Herbert CNR: folds 
louis1978207: folds 
Xaptal: folds 
krazykat1: folds 
Dorex2007: folds 
KOCETO_1992: calls $0.21
*** FLOP *** [9c 7s 2s]
KOCETO_1992: checks 
Ewol17: bets $0.45
KOCETO_1992: calls $0.45
*** TURN *** [9c 7s 2s] [9d]
KOCETO_1992: checks 
Ewol17: bets $0.78
KOCETO_1992: calls $0.78
*** RIVER *** [9c 7s 2s 9d] [Jc]
KOCETO_1992: checks 
Ewol17: checks 
*** SHOW DOWN ***
KOCETO_1992: shows [Qs As] (a pair of Nines)
Ewol17: shows [Ah Kd] (a pair of Nines - Ace+King kicker)
Ewol17 collected $3.06 from pot
*** SUMMARY ***
Total pot $3.19 | Rake $0.13 
Board [9c 7s 2s 9d Jc]
Seat 1: sakuno36 folded before Flop (didn't bet)
Seat 2: KOCETO_1992 showed [Qs As] and lost with a pair of Nines
Seat 3: CasinoReal46 folded before Flop (didn't bet)
Seat 4: Ewol17 showed [Ah Kd] and won ($3.06) with a pair of Nines
Seat 5: Herbert CNR folded before Flop (didn't bet)
Seat 6: louis1978207 folded before Flop (didn't bet)
Seat 7: Xaptal (button) folded before Flop (didn't bet)
Seat 8: krazykat1 (small blind) folded before Flop
Seat 9: Dorex2007 (big blind) folded before Flop



PokerStars Hand #238200876263:  Hold'em No Limit ($0.02/$0.05 USD) - 2022/08/24 21:38:59 PT [2022/08/25 0:38:59 ET]
Table 'Aenna' 9-max Seat #8 is the button
Seat 1: sakuno36 ($8.57 in chips) 
Seat 2: KOCETO_1992 ($3.14 in chips) 
Seat 3: CasinoReal46 ($2.86 in chips) 
Seat 4: Ewol17 ($7.81 in chips) 
Seat 5: Herbert CNR ($3.93 in chips) 
Seat 6: louis1978207 ($3.60 in chips) 
Seat 7: Xaptal ($7.18 in chips) 
Seat 8: krazykat1 ($11.91 in chips) 
Seat 9: Dorex2007 ($5.37 in chips) 
Dorex2007: posts small blind $0.02
sakuno36: posts big blind $0.05
*** HOLE CARDS ***
Dealt to Dorex2007 [Ah Kd]
KOCETO_1992: folds 
CasinoReal46: folds 
Ewol17: raises $0.05 to $0.10
Herbert CNR: folds 
louis1978207: folds 
Xaptal: folds 
krazykat1: calls $0.10
Dorex2007: calls $0.08
sakuno36: calls $0.05
*** FLOP *** [8d Qs 7h]
Dorex2007: checks 
sakuno36: checks 
Ewol17: bets $0.20
krazykat1: folds 
Dorex2007: folds 
sakuno36: calls $0.20
*** TURN *** [8d Qs 7h] [3h]
sakuno36: checks 
Ewol17: bets $0.30
sakuno36: calls $0.30
*** RIVER *** [8d Qs 7h 3h] [2c]
sakuno36: bets $1.85
Ewol17: folds 
Uncalled bet ($1.85) returned to sakuno36
sakuno36 collected $1.34 from pot
*** SUMMARY ***
Total pot $1.40 | Rake $0.06 
Board [8d Qs 7h 3h 2c]
Seat 1: sakuno36 (big blind) collected ($1.34)
Seat 2: KOCETO_1992 folded before Flop (didn't bet)
Seat 3: CasinoReal46 folded before Flop (didn't bet)
Seat 4: Ewol17 folded on the River
Seat 5: Herbert CNR folded before Flop (didn't bet)
Seat 6: louis1978207 folded before Flop (didn't bet)
Seat 7: Xaptal folded before Flop (didn't bet)
Seat 8: krazykat1 (button) folded on the Flop
Seat 9: Dorex2007 (small blind) folded on the Flop



PokerStars Hand #238200884913:  Hold'em No Limit ($0.02/$0.05 USD) - 2022/08/24 21:40:12 PT [2022/08/25 0:40:12 ET]
Table 'Aenna' 9-max Seat #9 is the button
Seat 1: sakuno36 ($9.31 in chips) 
Seat 2: KOCETO_1992 ($4 in chips) 
Seat 4: Ewol17 ($7.21 in chips) 
Seat 5: Herbert CNR ($3.93 in chips) 
Seat 6: louis1978207 ($3.60 in chips) 
Seat 7: Xaptal ($7.18 in chips) 
Seat 8: krazykat1 ($11.81 in chips) 
Seat 9: Dorex2007 ($5.27 in chips) 
sakuno36: posts small blind $0.02
KOCETO_1992: posts big blind $0.05
*** HOLE CARDS ***
Dealt to Dorex2007 [9c 9h]
Ewol17: calls $0.05
Herbert CNR: folds 
louis1978207 has timed out
louis1978207: folds 
Xaptal: raises $0.17 to $0.22
krazykat1: raises $0.56 to $0.78
Dorex2007: folds 
sakuno36: folds 
KOCETO_1992: folds 
Ewol17: folds 
Xaptal: folds 
Uncalled bet ($0.56) returned to krazykat1
krazykat1 collected $0.56 from pot
krazykat1: doesn't show hand 
*** SUMMARY ***
Total pot $0.56 | Rake $0 
Seat 1: sakuno36 (small blind) folded before Flop
Seat 2: KOCETO_1992 (big blind) folded before Flop
Seat 4: Ewol17 folded before Flop
Seat 5: Herbert CNR folded before Flop (didn't bet)
Seat 6: louis1978207 folded before Flop (didn't bet)
Seat 7: Xaptal folded before Flop
Seat 8: krazykat1 collected ($0.56)
Seat 9: Dorex2007 (button) folded before Flop (didn't bet)



PokerStars Hand #238200889918:  Hold'em No Limit ($0.02/$0.05 USD) - 2022/08/24 21:40:54 PT [2022/08/25 0:40:54 ET]
Table 'Aenna' 9-max Seat #1 is the button
Seat 1: sakuno36 ($9.29 in chips) 
Seat 2: KOCETO_1992 ($3.95 in chips) 
Seat 4: Ewol17 ($7.16 in chips) 
Seat 5: Herbert CNR ($3.93 in chips) 
Seat 6: louis1978207 ($3.60 in chips) 
Seat 7: Xaptal ($6.96 in chips) 
Seat 8: krazykat1 ($12.15 in chips) 
Seat 9: Dorex2007 ($5.27 in chips) 
KOCETO_1992: posts small blind $0.02
Ewol17: posts big blind $0.05
*** HOLE CARDS ***
Dealt to Dorex2007 [Th Qs]
Herbert CNR: folds 
louis1978207: folds 
Xaptal: folds 
krazykat1: folds 
Dorex2007: raises $0.05 to $0.10
sakuno36: folds 
KOCETO_1992: folds 
Ewol17: folds 
Uncalled bet ($0.05) returned to Dorex2007
Dorex2007 collected $0.12 from pot
Dorex2007: doesn't show hand 
*** SUMMARY ***
Total pot $0.12 | Rake $0 
Seat 1: sakuno36 (button) folded before Flop (didn't bet)
Seat 2: KOCETO_1992 (small blind) folded before Flop
Seat 4: Ewol17 (big blind) folded before Flop
Seat 5: Herbert CNR folded before Flop (didn't bet)
Seat 6: louis1978207 folded before Flop (didn't bet)
Seat 7: Xaptal folded before Flop (didn't bet)
Seat 8: krazykat1 folded before Flop (didn't bet)
Seat 9: Dorex2007 collected ($0.12)



PokerStars Hand #238200892095:  Hold'em No Limit ($0.02/$0.05 USD) - 2022/08/24 21:41:12 PT [2022/08/25 0:41:12 ET]
Table 'Aenna' 9-max Seat #2 is the button
Seat 1: sakuno36 ($9.29 in chips) 
Seat 2: KOCETO_1992 ($3.93 in chips) 
Seat 4: Ewol17 ($7.11 in chips) 
Seat 5: Herbert CNR ($3.93 in chips) 
Seat 6: louis1978207 ($3.60 in chips) 
Seat 7: Xaptal ($6.96 in chips) 
Seat 8: krazykat1 ($12.15 in chips) 
Seat 9: Dorex2007 ($5.34 in chips) 
Ewol17: posts small blind $0.02
Herbert CNR: posts big blind $0.05
*** HOLE CARDS ***
Dealt to Dorex2007 [8d 6d]
louis1978207: raises $0.05 to $0.10
Xaptal: folds 
krazykat1: raises $0.35 to $0.45
Dorex2007: folds 
sakuno36: folds 
KOCETO_1992: folds 
Ewol17: folds 
Herbert CNR: folds 
louis1978207: folds 
Uncalled bet ($0.35) returned to krazykat1
krazykat1 collected $0.27 from pot
krazykat1: doesn't show hand 
*** SUMMARY ***
Total pot $0.27 | Rake $0 
Seat 1: sakuno36 folded before Flop (didn't bet)
Seat 2: KOCETO_1992 (button) folded before Flop (didn't bet)
Seat 4: Ewol17 (small blind) folded before Flop
Seat 5: Herbert CNR (big blind) folded before Flop
Seat 6: louis1978207 folded before Flop
Seat 7: Xaptal folded before Flop (didn't bet)
Seat 8: krazykat1 collected ($0.27)
Seat 9: Dorex2007 folded before Flop (didn't bet)



PokerStars Hand #238200894802:  Hold'em No Limit ($0.02/$0.05 USD) - 2022/08/24 21:41:35 PT [2022/08/25 0:41:35 ET]
Table 'Aenna' 9-max Seat #4 is the button
Seat 1: sakuno36 ($9.29 in chips) 
Seat 2: KOCETO_1992 ($3.93 in chips) 
Seat 4: Ewol17 ($7.09 in chips) 
Seat 5: Herbert CNR ($3.88 in chips) 
Seat 6: louis1978207 ($3.50 in chips) 
Seat 7: Xaptal ($6.96 in chips) 
Seat 8: krazykat1 ($12.32 in chips) 
Seat 9: Dorex2007 ($5.34 in chips) 
Herbert CNR: posts small blind $0.02
louis1978207: posts big blind $0.05
*** HOLE CARDS ***
Dealt to Dorex2007 [9d 5h]
Xaptal: folds 
krazykat1: folds 
Dorex2007: folds 
sakuno36: folds 
KOCETO_1992: folds 
Ewol17: folds 
Herbert CNR: folds 
Uncalled bet ($0.03) returned to louis1978207
louis1978207 collected $0.04 from pot
louis1978207: doesn't show hand 
*** SUMMARY ***
Total pot $0.04 | Rake $0 
Seat 1: sakuno36 folded before Flop (didn't bet)
Seat 2: KOCETO_1992 folded before Flop (didn't bet)
Seat 4: Ewol17 (button) folded before Flop (didn't bet)
Seat 5: Herbert CNR (small blind) folded before Flop
Seat 6: louis1978207 (big blind) collected ($0.04)
Seat 7: Xaptal folded before Flop (didn't bet)
Seat 8: krazykat1 folded before Flop (didn't bet)
Seat 9: Dorex2007 folded before Flop (didn't bet)



PokerStars Hand #238200897042:  Hold'em No Limit ($0.02/$0.05 USD) - 2022/08/24 21:41:53 PT [2022/08/25 0:41:53 ET]
Table 'Aenna' 9-max Seat #5 is the button
Seat 1: sakuno36 ($9.29 in chips) 
Seat 2: KOCETO_1992 ($3.93 in chips) 
Seat 4: Ewol17 ($7.09 in chips) 
Seat 5: Herbert CNR ($3.86 in chips) 
Seat 6: louis1978207 ($3.52 in chips) 
Seat 8: krazykat1 ($12.32 in chips) 
Seat 9: Dorex2007 ($5.34 in chips) 
louis1978207: posts small blind $0.02
krazykat1: posts big blind $0.05
*** HOLE CARDS ***
Dealt to Dorex2007 [2h 5d]
Dorex2007: folds 
sakuno36: folds 
KOCETO_1992: folds 
Ewol17: folds 
Herbert CNR: calls $0.05
louis1978207: folds 
krazykat1: raises $0.20 to $0.25
Herbert CNR: calls $0.20
*** FLOP *** [Ah 7h Jd]
krazykat1: bets $0.50
Herbert CNR: calls $0.50
*** TURN *** [Ah 7h Jd] [Jc]
krazykat1: bets $2
Herbert CNR: calls $2
*** RIVER *** [Ah 7h Jd Jc] [4c]
krazykat1: bets $5.29
Herbert CNR: calls $1.11 and is all-in
Uncalled bet ($4.18) returned to krazykat1
*** SHOW DOWN ***
krazykat1: shows [Ts Qd] (a pair of Jacks)
Herbert CNR: shows [As Qh] (two pair, Aces and Jacks)
Herbert CNR collected $7.42 from pot
*** SUMMARY ***
Total pot $7.74 | Rake $0.32 
Board [Ah 7h Jd Jc 4c]
Seat 1: sakuno36 folded before Flop (didn't bet)
Seat 2: KOCETO_1992 folded before Flop (didn't bet)
Seat 4: Ewol17 folded before Flop (didn't bet)
Seat 5: Herbert CNR (button) showed [As Qh] and won ($7.42) with two pair, Aces and Jacks
Seat 6: louis1978207 (small blind) folded before Flop
Seat 8: krazykat1 (big blind) showed [Ts Qd] and lost with a pair of Jacks
Seat 9: Dorex2007 folded before Flop (didn't bet)



PokerStars Hand #238200903547:  Hold'em No Limit ($0.02/$0.05 USD) - 2022/08/24 21:42:47 PT [2022/08/25 0:42:47 ET]
Table 'Aenna' 9-max Seat #6 is the button
Seat 1: sakuno36 ($9.29 in chips) 
Seat 2: KOCETO_1992 ($3.93 in chips) 
Seat 4: Ewol17 ($7.09 in chips) 
Seat 5: Herbert CNR ($7.42 in chips) 
Seat 6: louis1978207 ($3.50 in chips) 
Seat 8: krazykat1 ($8.46 in chips) 
Seat 9: Dorex2007 ($5.34 in chips) 
krazykat1: posts small blind $0.02
Dorex2007: posts big blind $0.05
*** HOLE CARDS ***
Dealt to Dorex2007 [7d 3h]
sakuno36: folds 
KOCETO_1992: folds 
Ewol17: folds 
Herbert CNR: folds 
louis1978207: folds 
krazykat1: raises $0.20 to $0.25
Dorex2007: folds 
Uncalled bet ($0.20) returned to krazykat1
krazykat1 collected $0.10 from pot
krazykat1: doesn't show hand 
*** SUMMARY ***
Total pot $0.10 | Rake $0 
Seat 1: sakuno36 folded before Flop (didn't bet)
Seat 2: KOCETO_1992 folded before Flop (didn't bet)
Seat 4: Ewol17 folded before Flop (didn't bet)
Seat 5: Herbert CNR folded before Flop (didn't bet)
Seat 6: louis1978207 (button) folded before Flop (didn't bet)
Seat 8: krazykat1 (small blind) collected ($0.10)
Seat 9: Dorex2007 (big blind) folded before Flop



